@misc{bib:ilcsoft,
    author ="",
    year = "2016",
    title= "{iLCSoft Project Page}",
    howpublished = "\url{https://github.com/iLCSoft}"
}

@misc{bib:lcgeo,
    author ="",
    year = "2016",
    title= "{lcgeo Project Page}",
    howpublished = "\url{https://github.com/iLCSoft/lcgeo}"
}

@misc{bib:slic,
    author ="",
    title= "{SLIC Project Page}",
    howpublished = "\url{https://confluence.slac.stanford.edu/display/ilc/SLIC}"
}

@misc{bib:LCSim,
    author ="",
    title= "{LCSim Project Page}",
    howpublished = "\url{http://www.lcsim.org/sites/lcsim}"
}



@article{Gaede:2003ip,
      author         = "Gaede, Frank and Behnke, Ties and Graf, Norman and
                        Johnson, Tony",
      title          = "{LCIO: A Persistency framework for linear collider
                        simulation studies}",
      booktitle      = "{Proceedings, 13th International Conference on Computing
                        in High-Enery and Nuclear Physics (CHEP 2003): La Jolla,
                        California, March 24-28, 2003}",
      journal        = "eConf",
      volume         = "C0303241",
      year           = "2003",
      pages          = "TUKT001",
      eprint         = "physics/0306114",
      archivePrefix  = "arXiv",
      primaryClass   = "physics",
      reportNumber   = "SLAC-PUB-9992, CHEP-2003-TUKT001",
      SLACcitation   = "%%CITATION = PHYSICS/0306114;%%"
}

@article{Gaede:2006pj,
      author         = "Gaede, F.",
      title          = "{Marlin and LCCD: Software tools for the ILC}",
      booktitle      = "{Advanced computing and analysis techniques in physics
                        research. Proceedings, 10th International Workshop,
                        ACAT05, Zeuthen, Germany, May 22-27, 2005}",
      journal        = "Nucl. Instrum. Meth.",
      volume         = "A559",
      year           = "2006",
      pages          = "177-180",
      doi            = "10.1016/j.nima.2005.11.138",
      SLACcitation   = "%%CITATION = NUIMA,A559,177;%%"
}

@article{Frank:2014zya,
      author         = "Frank, Markus and Gaede, F. and Grefe, C. and Mato, P.",
      title          = "{DD4hep: A Detector Description Toolkit for High Energy
                        Physics Experiments}",
      booktitle      = "{Proceedings, 20th International Conference on Computing
                        in High Energy and Nuclear Physics (CHEP 2013): Amsterdam,
                        The Netherlands, October 14-18, 2013}",
      journal        = "J. Phys. Conf. Ser.",
      volume         = "513",
      year           = "2014",
      pages          = "022010",
      doi            = "10.1088/1742-6596/513/2/022010",
      SLACcitation   = "%%CITATION = 00462,513,022010;%%"
}

@article{Frank:2015ivo,
      author         = "Frank, M. and Gaede, F. and Nikiforou, N. and Petric, M.
                        and Sailer, A.",
      title          = "{DDG4 A Simulation Framework based on the DD4hep Detector
                        Description Toolkit}",
      booktitle      = "{Proceedings, 21st International Conference on Computing
                        in High Energy and Nuclear Physics (CHEP 2015): Okinawa,
                        Japan, April 13-17, 2015}",
      journal        = "J. Phys. Conf. Ser.",
      volume         = "664",
      year           = "2015",
      number         = "7",
      pages          = "072017",
      doi            = "10.1088/1742-6596/664/7/072017",
      SLACcitation   = "%%CITATION = 00462,664,072017;%%"
}


@article{Marshall:2015rfa,
      author         = "Marshall, J. S. and Thomson, M. A.",
      title          = "{The Pandora Software Development Kit for Pattern
                        Recognition}",
      journal        = "Eur. Phys. J.",
      volume         = "C75",
      year           = "2015",
      number         = "9",
      pages          = "439",
      doi            = "10.1140/epjc/s10052-015-3659-3",
      eprint         = "1506.05348",
      archivePrefix  = "arXiv",
      primaryClass   = "physics.data-an",
      SLACcitation   = "%%CITATION = ARXIV:1506.05348;%%"
}
@ARTICLE{ild:bib:PandoraPFA,
  author = {Thomson, M.A.},
  title = {{Particle Flow Calorimetry and the PandoraPFA Algorithm}},
  journal = {Nucl.Instrum.Meth.},
  year = {2009},
  volume = {A611},
  pages = {25-40},
  note = {CU-HEP-09-11},
  archiveprefix = {arXiv},
  bdsk-url-1 = {http://dx.doi.org/10.1016/j.nima.2009.09.009},
  doi = {10.1016/j.nima.2009.09.009},
  eprint = {0907.3577},
  primaryclass = {physics.ins-det},
  slaccitation = {%%CITATION = ARXIV:0907.3577;%%}
}


@article{Suehara:2015ura,
      author         = "Suehara, Taikan and Tanabe, Tomohiko",
      title          = "{LCFIPlus: A Framework for Jet Analysis in Linear
                        Collider Studies}",
      journal        = "Nucl. Instrum. Meth.",
      volume         = "A808",
      year           = "2016",
      pages          = "109-116",
      doi            = "10.1016/j.nima.2015.11.054",
      eprint         = "1506.08371",
      archivePrefix  = "arXiv",
      primaryClass   = "physics.ins-det",
      SLACcitation   = "%%CITATION = ARXIV:1506.08371;%%"
}

@article{Gaede:2014aza,
      author         = "Gaede, Frank and Aplin, Steven and Glattauer, Robin and
                        Rosemann, Christoph and Voutsinas, Georgios",
      title          = "{Track reconstruction at the ILC: the ILD tracking
                        software}",
      booktitle      = "{Proceedings, 20th International Conference on Computing
                        in High Energy and Nuclear Physics (CHEP 2013): Amsterdam,
                        The Netherlands, October 14-18, 2013}",
      journal        = "J. Phys. Conf. Ser.",
      volume         = "513",
      year           = "2014",
      pages          = "022011",
      doi            = "10.1088/1742-6596/513/2/022011",
      SLACcitation   = "%%CITATION = 00462,513,022011;%%"
}

@article{Kilian:2007gr,
      author         = "Kilian, Wolfgang and Ohl, Thorsten and Reuter, Jurgen",
      title          = "{WHIZARD: Simulating Multi-Particle Processes at LHC and
                        ILC}",
      journal        = "Eur. Phys. J.",
      volume         = "C71",
      year           = "2011",
      pages          = "1742",
      doi            = "10.1140/epjc/s10052-011-1742-y",
      eprint         = "0708.4233",
      archivePrefix  = "arXiv",
      primaryClass   = "hep-ph",
      reportNumber   = "DESY-11-126, EDINBURGH-2010-36, FR-PHENO-2010-037,
                        SI-HEP-2010-18",
      SLACcitation   = "%%CITATION = ARXIV:0708.4233;%%"
}


@article{Li:2013cxa,
      author         = "Li, Bo and Fujii, Keisuke and Gao, Yuanning",
      title          = "{Kalman-filter-based track fitting in non-uniform
                        magnetic field with segment-wise helical track model}",
      journal        = "Comput. Phys. Commun.",
      volume         = "185",
      year           = "2014",
      pages          = "754-761",
      doi            = "10.1016/j.cpc.2013.11.003",
      eprint         = "1305.7300",
      archivePrefix  = "arXiv",
      primaryClass   = "physics.ins-det",
      SLACcitation   = "%%CITATION = ARXIV:1305.7300;%%"
}

@article{Agostinelli:2002hh,
      author         = "Agostinelli, S. and others",
      title          = "{GEANT4: A Simulation toolkit}",
      collaboration  = "GEANT4 Collaboration",
      journal        = "Nucl. Instrum. Meth.",
      volume         = "A506",
      year           = "2003",
      pages          = "250-303",
      doi            = "10.1016/S0168-9002(03)01368-8",
      reportNumber   = "SLAC-PUB-9350, FERMILAB-PUB-03-339",
      SLACcitation   = "%%CITATION = NUIMA,A506,250;%%"
}

@article{Schulte:1998au,
      author         = "Schulte, D.",
      title          = "{Beam-beam simulations with Guinea-Pig}",
      booktitle      = "{Proceedings, 1998 International Computational
                        Accelerator Physics Conference}",
      journal        = "eConf",
      volume         = "C980914",
      year           = "1998",
      pages          = "127-131",
      note           = "[,127(1998)]",
      SLACcitation   = "%%CITATION = ECONF,C980914,127;%%"
}

@article{Sjostrand:2006za,
      author         = "Sjostrand, Torbjorn and Mrenna, Stephen and Skands, Peter
                        Z.",
      title          = "{PYTHIA 6.4 Physics and Manual}",
      journal        = "JHEP",
      volume         = "05",
      year           = "2006",
      pages          = "026",
      doi            = "10.1088/1126-6708/2006/05/026",
      eprint         = "hep-ph/0603175",
      archivePrefix  = "arXiv",
      primaryClass   = "hep-ph",
      reportNumber   = "FERMILAB-PUB-06-052-CD-T, LU-TP-06-13",
      SLACcitation   = "%%CITATION = HEP-PH/0603175;%%"
}

@article{Chen:1993dba,
      author         = "Chen, Pisin and Barklow, Timothy L. and Peskin, Michael
                        E.",
      title          = "{Hadron production in gamma gamma collisions as a
                        background for e+ e- linear colliders}",
      journal        = "Phys. Rev.",
      volume         = "D49",
      year           = "1994",
      pages          = "3209-3227",
      doi            = "10.1103/PhysRevD.49.3209",
      eprint         = "hep-ph/9305247",
      archivePrefix  = "arXiv",
      primaryClass   = "hep-ph",
      reportNumber   = "SLAC-PUB-5873",
      SLACcitation   = "%%CITATION = HEP-PH/9305247;%%"
}

@inproceedings{Schutz:2017ihd,
      author         = "Sch{\"u}tz, Anne",
      title          = "{Pair Background Envelopes in the SiD Detector}",
      booktitle      = "{Proceedings, International Workshop on Future Linear
                        Colliders 2016 (LCWS2016): Morioka, Iwate, Japan, December
                        05-09, 2016}",
      year           = "2017",
      eprint         = "1703.05737",
      archivePrefix  = "arXiv",
      primaryClass   = "physics.ins-det",
      SLACcitation   = "%%CITATION = ARXIV:1703.05737;%%"
}

@inproceedings{MoradeFreitas:2002kj,
      author         = "Mora de Freitas, P. and Videau, H.",
      title          = "{Detector simulation with MOKKA / GEANT4: Present and
                        future}",
      booktitle      = "{Linear colliders. Proceedings, International Workshop on
                        physics and experiments with future electron-positron
                        linear colliders, LCWS 2002, Seogwipo, Jeju Island, Korea,
                        August 26-30, 2002}",
      url            = "http://www-library.desy.de/cgi-bin/showprep.pl?lc-tool03-010",
      year           = "2002",
      pages          = "623-627",
      reportNumber   = "LC-TOOL-2003-010",
      SLACcitation   = "%%CITATION = LC-TOOL-2003-010;%%"
}

@article{Li:2013cxa,
      author         = "Li, Bo and Fujii, Keisuke and Gao, Yuanning",
      title          = "{Kalman-filter-based track fitting in non-uniform
                        magnetic field with segment-wise helical track model}",
      journal        = "Comput. Phys. Commun.",
      volume         = "185",
      year           = "2014",
      pages          = "754-761",
      doi            = "10.1016/j.cpc.2013.11.003",
      eprint         = "1305.7300",
      archivePrefix  = "arXiv",
      primaryClass   = "physics.ins-det",
      SLACcitation   = "%%CITATION = ARXIV:1305.7300;%%"
}

@inproceedings{Cacciari:2006sm,
      author         = "Cacciari, Matteo",
      title          = "{FastJet: A Code for fast $k_t$ clustering, and more}",
      booktitle      = "{Deep inelastic scattering. Proceedings, 14th
                        International Workshop, DIS 2006, Tsukuba, Japan, April
                        20-24, 2006}",
      year           = "2006",
      pages          = "487-490",
      note           = "[,125(2006)]",
      eprint         = "hep-ph/0607071",
      archivePrefix  = "arXiv",
      primaryClass   = "hep-ph",
      reportNumber   = "LPTHE-P06-04",
      SLACcitation   = "%%CITATION = HEP-PH/0607071;%%"
}

@inproceedings{Berggren:2012ar,
      author         = "Berggren, Mikael",
      title          = "{SGV 3.0 - a fast detector simulation}",
      booktitle      = "{International Workshop on Future Linear Colliders
                        (LCWS11) Granada, Spain, September 26-30, 2011}",
      year           = "2012",
      eprint         = "1203.0217",
      archivePrefix  = "arXiv",
      primaryClass   = "physics.ins-det",
      SLACcitation   = "%%CITATION = ARXIV:1203.0217;%%"
}

@article{Grefe:2014sca,
      author         = "Grefe, Christian and Poss, S. and Sailer, Andre and
                        Tsaregorodtsev, A.",
      title          = "{ILCDIRAC, a DIRAC extension for the Linear Collider
                        community}",
      booktitle      = "{Proceedings, 20th International Conference on Computing
                        in High Energy and Nuclear Physics (CHEP 2013): Amsterdam,
                        The Netherlands, October 14-18, 2013}",
      collaboration  = "CLIC detector, physics study",
      journal        = "J. Phys. Conf. Ser.",
      volume         = "513",
      year           = "2014",
      pages          = "032077",
      doi            = "10.1088/1742-6596/513/3/032077",
      reportNumber   = "CLICdp-Conf-2013-003",
      SLACcitation   = "%%CITATION = 00462,513,032077;%%"
}

@inproceedings{Miyamoto:2019xve,
      author         = "Miyamoto, Akiya and Ono, Hiroaki",
      title          = "{ILD MC production for detector optimization}",
      booktitle      = "{International Workshop on Future Linear Colliders (LCWS
                        2018) Arlington, Texas, USA, October 22-26, 2018}",
      year           = "2019",
      eprint         = "1902.02516",
      archivePrefix  = "arXiv",
      primaryClass   = "physics.ins-det",
      SLACcitation   = "%%CITATION = ARXIV:1902.02516;%%"
}
