@article{Barklow:2015tja,
      author         = "Barklow, T. and Brau, J. and Fujii, K. and Gao, J. and
                        List, J. and Walker, N. and Yokoya, K.",
      title          = "{ILC Operating Scenarios}",
      year           = "2015",
      eprint         = "1506.07830",
      archivePrefix  = "arXiv",
      primaryClass   = "hep-ex",
      reportNumber   = "ILC-NOTE-2015-068, DESY-15-102, IHEP-AC-2015-002,
                        KEK-PREPRINT --2015-17, SLAC-PUB-16309",
      SLACcitation   = "%%CITATION = ARXIV:1506.07830;%%"
}

@article{Bambade:2019fyw,
      author         = "Bambade, Philip and others",
      title          = "{The International Linear Collider: A Global Project}",
      year           = "2019",
      eprint         = "1903.01629",
      archivePrefix  = "arXiv",
      primaryClass   = "hep-ex",
      reportNumber   = "DESY 19-037, DESY-19-037, FERMILAB-FN-1067-PPD,
                        IFIC/19-10, IRFU-19-10,
  JLAB-PHY-19-2854, KEK Preprint
                        2018-92, JLAB-PHY-19-2854, KEK
  Preprint 2018-92, LAL/RT
                        19-001, PNNL-SA-142168,
  SLAC-PUB-17412, SLAC-PUB-17412",
      SLACcitation   = "%%CITATION = ARXIV:1903.01629;%%"
}

@misc{ILDNote:Hbbccgg,
      author         = "Kurata, M. and Yonamine, R.",
      title          = "{Higgs branching ratio study for new detector models as benchmark process in ILD}",
      year           = "2019",
      reportNUmber   = "ILD-PHYS-PUB-2019-008",
      howpublished   = "\url{https://confluence.desy.de/display/ILD/ILD+notes}"
}      

@misc{ILDNote:MH,
      author         = "Tian, J.",
      title          = "{Higgs Mass Measurement at $\sqrt{s}=500$\,GeV as benchmark process in ILD}",
      year           = "2019",
      reportNUmber   = "ILD-PHYS-PUB-2019-001",
      howpublished   = "\url{https://confluence.desy.de/display/ILD/ILD+notes}"
}      

@misc{ILDNote:Hmumu,
      author         = "Kawada, S.",
      title          = "{Branching ratio $H \to \mu^+ \mu^-$ at $\sqrt{s}=500$\,GeV as benchmark process in ILD}",
      year           = "2019",
      reportNUmber   = "ILD-PHYS-PUB-2019-002",
      howpublished   = "\url{https://confluence.desy.de/display/ILD/ILD+notes}"
}      

@misc{ILDNote:Hinv,
      author         = "Kato, Y.",
      title          = "{$H \to $ invisible at $\sqrt{s}=500$\,GeV as benchmark process in ILD}",
      year           = "2019",
      reportNUmber   = "ILD-PHYS-PUB-2019-003",
      howpublished   = "\url{https://confluence.desy.de/display/ILD/ILD+notes}"
}      

@misc{ILDNote:tautau,
      author         = "Jeans, D. and Yumino, K.",
      title          = "{$\tau$ polarisation in $e^+e^- \to \tau^+\tau^-$ at $\sqrt{s}=500$\,GeV as benchmark process in ILD}",
      year           = "2019",
      reportNUmber   = "ILD-PHYS-PUB-2019-004",
      howpublished   = "\url{https://confluence.desy.de/display/ILD/ILD+notes}"
}      

@misc{ILDNote:QGCs,
      author         = "Beyer, J.",
      title          = "{Vector Boson Scatering at $\sqrt{s}=1$\,TeV as benchmark process in ILD}",
      year           = "2019",
      reportNUmber   = "ILD-PHYS-PUB-2019-005",
      howpublished   = "\url{https://confluence.desy.de/display/ILD/ILD+notes}"
}  
    
@misc{ILDNote:gammaZ,
      author         = "Mizuno, T.",
      title          = "{Calibration of the photon energy scale from $e^+e^- \to \gamma \mu^+ \mu^-$ as benchmark process in ILD}",
      year           = "2019",
      reportNUmber   = "ILD-PHYS-PUB-2019-006",
      howpublished   = "\url{https://confluence.desy.de/display/ILD/ILD+notes}"
}      

@misc{ILDNote:bbtt,
      author         = "Irles, A. and Okugawa, Y.",
      title          = "{$e^+e^- \to b \bar{b}$ and $e^+e^- \to t \bar{t}$ as benchmark processes in ILD}",
      year           = "2019",
      reportNUmber   = "ILD-PHYS-PUB-2019-007",
      howpublished   = "\url{https://confluence.desy.de/display/ILD/ILD+notes}"
}      

@misc{ILDNote:higgsinos,
      author         = "Sasikumar, S.",
      title          = "{Light higgsinos as benchmark processes in ILD}",
      year           = "2019",
      reportNUmber   = "ILD-PHYS-PUB-2019-009",
      howpublished   = "\url{https://confluence.desy.de/display/ILD/ILD+notes}"
}      

@misc{ILDNote:WIMPs,
      author         = "Yonamine, R.",
      title          = "{WIMP searches in the mono-photon channel as benchmark processes in ILD}",
      year           = "2019",
      reportNUmber   = "ILD-PHYS-PUB-2019-010",
      howpublished   = "\url{https://confluence.desy.de/display/ILD/ILD+notes}"
}      

@misc{ILDNote:extraH,
      author         = "Wang, Y.",
      title          = "{Search for additional Higgs bosons as benchmark processes in ILD}",
      year           = "2019",
      reportNUmber   = "ILD-PHYS-PUB-2019-011",
      howpublished   = "\url{https://confluence.desy.de/display/ILD/ILD+notes}"
}      

@inproceedings{Ono:2013voc,
      author         = "Ono, Hiroaki",
      title          = "{Higgs branching ratio study for DBD detector
                        benchmarking in ILD}",
      booktitle      = "{Helmholtz Alliance Linear Collider Forum: Proceedings of
                        the Workshops Hamburg, Munich, Hamburg 2010-2012,
                        Germany}",
      organization   = "DESY",
      publisher      = "DESY",
      address        = "Hamburg",
      year           = "2013",
      pages          = "203-223",
      SLACcitation   = "%%CITATION = INSPIRE-1475550;%%"
}

@article{Ono:2013sea,
      author         = "Ono, Hiroaki and Miyamoto, Akiya",
      title          = "{A study of measurement precision of the Higgs boson
                        branching ratios at the International Linear Collider}",
      journal        = "Eur. Phys. J.",
      volume         = "C73",
      year           = "2013",
      number         = "3",
      pages          = "2343",
      doi            = "10.1140/epjc/s10052-013-2343-8",
      eprint         = "1207.0300",
      archivePrefix  = "arXiv",
      primaryClass   = "hep-ex",
      SLACcitation   = "%%CITATION = ARXIV:1207.0300;%%"
}

@phdthesis{Mueller:2016exq,
      author         = "Mueller, Felix Johannes",
      title          = "{Development of a Triple GEM Readout Module for a Time
                        Projection Chamber \& Measurement Accuracies of Hadronic
                        Higgs Branching Fractions in $\nu\nu$H at a 350 GeV ILC}",
      school         = "DESY",
      year           = "2016",
      address        = "Hamburg",
      url            = "http://bib-pubdb1.desy.de/search?cc=Publication+Database&of=hd&p=reportnumber:DESY-THESIS-2016-018",
      doi            = "10.3204/PUBDB-2016-02659",
      reportNumber   = "DESY-THESIS-2016-018",
      SLACcitation   = "%%CITATION = DESY-THESIS-2016-018;%%"
}

@article{Yan:2016xyx,
      author         = "Yan, Jacqueline and Watanuki, Shun and Fujii, Keisuke and
                        Ishikawa, Akimasa and Jeans, Daniel and Strube, Jan and
                        Tian, Junping and Yamamoto, Hitoshi",
      title          = "{Measurement of the Higgs boson mass and $e^+e^- \to ZH$
                        cross section using $Z \to \mu^+\mu^-$ and $Z \to e^+ e^-$
                        at the ILC}",
      journal        = "Phys. Rev.",
      volume         = "D94",
      year           = "2016",
      number         = "11",
      pages          = "113002",
      doi            = "10.1103/PhysRevD.94.113002",
      eprint         = "1604.07524",
      archivePrefix  = "arXiv",
      primaryClass   = "hep-ex",
      SLACcitation   = "%%CITATION = ARXIV:1604.07524;%%"
}

@article{Boronat:2014hva,
      author         = "Boronat, Marca and Fuster, J. and Garcia, Ignacio and
                        Ros, E. and Vos, Marcel",
      title          = "{A robust jet reconstruction algorithm for high-energy
                        lepton colliders}",
      journal        = "Phys. Lett.",
      volume         = "B750",
      year           = "2015",
      pages          = "95-99",
      doi            = "10.1016/j.physletb.2015.08.055",
      eprint         = "1404.4294",
      archivePrefix  = "arXiv",
      primaryClass   = "hep-ex",
      SLACcitation   = "%%CITATION = ARXIV:1404.4294;%%"
}


@article{Tanabashi:2018oca,
      author         = "Tanabashi, M. and others",
      title          = "{Review of Particle Physics}",
      collaboration  = "Particle Data Group",
      journal        = "Phys. Rev.",
      volume         = "D98",
      year           = "2018",
      number         = "3",
      pages          = "030001",
      doi            = "10.1103/PhysRevD.98.030001",
      SLACcitation   = "%%CITATION = PHRVA,D98,030001;%%"
}


@article{Berggren:2013vfa,
      author         = "Berggren, Mikael and Bruemmer, Felix and List, Jenny and
                        Moortgat-Pick, Gudrid and Robens, Tania and Rolbiecki,
                        Krzysztof and Sert, Hale",
      title          = "{Tackling light higgsinos at the ILC}",
      journal        = "Eur. Phys. J.",
      volume         = "C73",
      year           = "2013",
      number         = "12",
      pages          = "2660",
      doi            = "10.1140/epjc/s10052-013-2660-y",
      eprint         = "1307.3566",
      archivePrefix  = "arXiv",
      primaryClass   = "hep-ph",
      reportNumber   = "DESY-13-098",
      SLACcitation   = "%%CITATION = ARXIV:1307.3566;%%"
}

@phdthesis{Habermehl:2018yul,
      author         = "Habermehl, Moritz",
      title          = "{Dark Matter at the International Linear Collider}",
      school         = "DESY",
      year           = "2018",
      address        = "Hamburg",
      doi            = "10.3204/PUBDB-2018-05723",
      reportNumber   = "DESY-THESIS-2018-039",
      SLACcitation   = "%%CITATION = DESY-THESIS-2018-039;%%"
}
