% This file was created with JabRef 2.8.1.
% Encoding: MacRoman
@article{Behnke:2013xla,
      author         = "Behnke, Ties and Brau, James E. and Foster, Brian and
                        Fuster, Juan and Harrison, Mike and Paterson, James McEwan
                        and Peskin, Michael and Stanitzki, Marcel and Walker,
                        Nicholas and Yamamoto, Hitoshi",
      title          = "{The International Linear Collider Technical Design
                        Report - Volume 1: Executive Summary}",
      year           = "2013",
      eprint         = "1306.6327",
      archivePrefix  = "arXiv",
      primaryClass   = "physics.acc-ph",
      reportNumber   = "ILC-REPORT-2013-040, ANL-HEP-TR-13-20,
                        BNL-100603-2013-IR, IRFU-13-59, CERN-ATS-2013-037,
                        COCKCROFT-13-10, CLNS-13-2085, DESY-13-062,
                        FERMILAB-TM-2554, IHEP-AC-ILC-2013-001, INFN-13-04-LNF,
                        JAI-2013-001, JINR-E9-2013-35, JLAB-R-2013-01,
                        KEK-REPORT-2013-1, KNU-CHEP-ILC-2013-1, LLNL-TR-635539,
                        SLAC-R-1004, ILC-HIGRADE-REPORT-2013-003",
      SLACcitation   = "%%CITATION = ARXIV:1306.6327;%%"
}

@article{Arominski:2018uuz,
      author         = "Arominski, Dominik and others",
      title          = "{A detector for CLIC: main parameters and performance}",
      collaboration  = "CLICdp",
      year           = "2018",
      eprint         = "1812.07337",
      archivePrefix  = "arXiv",
      primaryClass   = "physics.ins-det",
      reportNumber   = "CLICdp-Note-2018-005",
      SLACcitation   = "%%CITATION = ARXIV:1812.07337;%%"
}

@article{Paschen:2019sit,
      author         = "Paschen, B. and others",
      title          = "{Belle II pixel detector: Performance of final DEPFET
                        modules}",
      collaboration  = "Belle-II DEPFET and PXD",
      journal        = "Nucl. Instrum. Meth.",
      volume         = "A",
      year           = "2019",
      doi            = "10.1016/j.nima.2019.05.063",
      SLACcitation   = "%%CITATION = NUIMA,A,;%%"
}

@article{Andricek:2004cj,
      author         = "Andricek, L. and Lutz, G. and Richter, Rainer Helmut and
                        Reiche, M.",
      title          = "{Processing of ultra-thin silicon sensors for future e+
                        e- linear collider experiments}",
      booktitle      = "{Linear colliders. Proceedings, International Conference,
                        LCWS 2004, Paris, France, April 19-23, 2004}",
      journal        = "IEEE Trans. Nucl. Sci.",
      volume         = "51",
      year           = "2004",
      pages          = "1117-1120",
      doi            = "10.1109/TNS.2004.829531",
      note           = "[,667(2004)]",
      SLACcitation   = "%%CITATION = IETNA,51,1117;%%"
}

@article{Marinas:2011zz,
      author         = "Marinas, C. and Vos, M.",
      title          = "{The Belle-II DEPFET pixel detector: A step forward in
                        vertexing in the superKEKB flavour factory}",
      booktitle      = "{Proceedings,  5th International Workshop on
                        Semiconductor Pixel Detectors for Particles and Imaging
                        (PIXEL 2010): Grindelwald, Switzerland, September 6-10,
                        2010}",
      journal        = "Nucl. Instrum. Meth.",
      volume         = "A650",
      year           = "2011",
      pages          = "59-63",
      doi            = "10.1016/j.nima.2010.12.116",
      SLACcitation   = "%%CITATION = NUIMA,A650,59;%%"
}

@article{Abe:2010gxa,
      author         = "Abe, T. and others",
      title          = "{Belle II Technical Design Report}",
      collaboration  = "Belle-II",
      year           = "2010",
      eprint         = "1011.0352",
      archivePrefix  = "arXiv",
      primaryClass   = "physics.ins-det",
      reportNumber   = "KEK-REPORT-2010-1",
      SLACcitation   = "%%CITATION = ARXIV:1011.0352;%%"
}

@article{Contin:2017mck,
      author         = "Contin, Giacomo and others",
      title          = "{The STAR MAPS-based PiXeL detector}",
      journal        = "Nucl. Instrum. Meth.",
      volume         = "A907",
      year           = "2018",
      pages          = "60-80",
      doi            = "10.1016/j.nima.2018.03.003",
      eprint         = "1710.02176",
      archivePrefix  = "arXiv",
      primaryClass   = "physics.ins-det",
      SLACcitation   = "%%CITATION = ARXIV:1710.02176;%%"
}

@article{AglieriRinella:2017lym,
      author         = "Aglieri Rinella, Gianluca",
      title          = "{The ALPIDE pixel sensor chip for the upgrade of the
                        ALICE Inner Tracking System}",
      booktitle      = "{Proceedings, 14th Vienna Conference on Instrumentation
                        (VCI 2016): Vienna, Austria, February 15-19, 2016}",
      collaboration  = "ALICE",
      journal        = "Nucl. Instrum. Meth.",
      volume         = "A845",
      year           = "2017",
      pages          = "583-587",
      doi            = "10.1016/j.nima.2016.05.016",
      SLACcitation   = "%%CITATION = NUIMA,A845,583;%%"
}

@article{Koziel:2017loo,
      author         = "Koziel, Michal and others",
      title          = "{Vacuum-compatible, ultra-low material budget
                        Micro-Vertex Detector of the compressed baryonic matter
                        experiment at FAIR}",
      booktitle      = "{Proceedings, 14th Vienna Conference on Instrumentation
                        (VCI 2016): Vienna, Austria, February 15-19, 2016}",
      journal        = "Nucl. Instrum. Meth.",
      volume         = "A845",
      year           = "2017",
      pages          = "110-113",
      doi            = "10.1016/j.nima.2016.05.093",
      SLACcitation   = "%%CITATION = NUIMA,A845,110;%%"
}

@article{Nomerotski:2011zz,
      author         = "Nomerotski, A. and others",
      title          = "{PLUME collaboration: Ultra-light ladders for linear
                        collider vertex detector}",
      booktitle      = "{Proceedings,  5th International Workshop on
                        Semiconductor Pixel Detectors for Particles and Imaging
                        (PIXEL 2010): Grindelwald, Switzerland, September 6-10,
                        2010}",
      collaboration  = "PLUME",
      journal        = "Nucl. Instrum. Meth.",
      volume         = "A650",
      year           = "2011",
      pages          = "208-212",
      doi            = "10.1016/j.nima.2010.12.083",
      SLACcitation   = "%%CITATION = NUIMA,A650,208;%%"
}

@article{Andricek:2011zza,
      author         = "Andricek, L. and others",
      title          = "{Intrinsic resolutions of DEPFET detector prototypes
                        measured at beam tests}",
      journal        = "Nucl. Instrum. Meth.",
      volume         = "A638",
      year           = "2011",
      pages          = "24-32",
      doi            = "10.1016/j.nima.2011.02.015",
      SLACcitation   = "%%CITATION = NUIMA,A638,24;%%"
}


@article{Velthuis:2008zza,
      author         = "Velthuis, J. J. and others",
      title          = "{A DEPFET based beam telescope with submicron precision
                        capability}",
      journal        = "IEEE Trans. Nucl. Sci.",
      volume         = "55",
      year           = "2008",
      pages          = "662-666",
      doi            = "10.1109/TNS.2007.914031",
      SLACcitation   = "%%CITATION = IETNA,55,662;%%"
}


@article{Richter:2003dn,
      author         = "Richter, R. H. and others",
      title          = "{Design and technology of DEPFET pixel sensors for linear
                        collider applications}",
      booktitle      = "{Proceedings, 11th International Workshop on Vertex
                        Detectors (Vertex 2002): Kailua-Kona, USA, November 3-8,
                        2002}",
      journal        = "Nucl. Instrum. Meth.",
      volume         = "A511",
      year           = "2003",
      pages          = "250-256",
      doi            = "10.1016/S0168-9002(03)01802-3",
      SLACcitation   = "%%CITATION = NUIMA,A511,250;%%"
}

@article{Alonso:2012ss,
      author         = "Alonso, O. and others",
      title          = "{DEPFET active pixel detectors for a future linear
                        $e^+e^-$ collider}",
      collaboration  = "DEPFET",
      journal        = "IEEE Trans. Nucl. Sci.",
      volume         = "60",
      year           = "2013",
      pages          = "1457",
      doi            = "10.1109/TNS.2013.2245680",
      eprint         = "1212.2160",
      archivePrefix  = "arXiv",
      primaryClass   = "physics.ins-det",
      reportNumber   = "AIDA-PUB-2010-005",
      SLACcitation   = "%%CITATION = ARXIV:1212.2160;%%"
}

@ARTICLE{ild:bib:ref-gld,
  author = {Abe, Koh and others},
  title = {{GLD Detector Outline Document: Version 1.2}},
  year = {2006},
  archiveprefix = {arXiv},
  collaboration = {GLD Concept Study Group},
  eprint = {physics/0607154},
  primaryclass = {physics},
  slaccitation = {%%CITATION = PHYSICS/0607154;%%}
}

@ARTICLE{ild:bib:ILDloi,
  author = {Abe, Toshinori and others},
  title = {{The International Large Detector: Letter of Intent}},
  year = {2010},
  note = {FERMILAB-LOI-2010-03, FERMILAB-PUB-09-682-E, DESY-2009-87, KEK-REPORT-2009-6},
  archiveprefix = {arXiv},
  collaboration = {ILD Concept Group},
  eprint = {1006.3396},
  primaryclass = {hep-ex},
  slaccitation = {%%CITATION = ARXIV:1006.3396;%%}
}

@ARTICLE{ild:bib:VTXdepfetb2tdr,
  author = {Abe, T. and others},
  title = {{Belle II Technical Design Report}},
  year = {2010},
  note = {KEK-REPORT-2010-1},
  archiveprefix = {arXiv},
  collaboration = {Belle II Collaboration},
  eprint = {1011.0352},
  primaryclass = {physics.ins-det},
  slaccitation = {%%CITATION = ARXIV:1011.0352;%%}
}

@ARTICLE{ild:bib:t2ktpc,
  author = {N. Abgrall and others},
  title = {{Time Projection Chambers for the T2K Near Detectors}},
  year = {2010},
  archiveprefix = {arXiv},
  eprint = {1012.0865}
}

@ARTICLE{ild:bib:AIDADAQ,
  author = {Wing,M. and others},
  title = {{Common DAQ system ready for combined tests, AIDA-2020 report, AIDA-2020-MS80 (2018)}},
  year = {2018},
  url = {http://cds.cern.ch/record/2314260}
}

@ARTICLE{JINST1,
  author = {Abramowicz, H. and Abusleme, A. and Afanaciev, K. and Aguilar, J.
	and Ambalathankandy, P. and others},
  title = {{Forward Instrumentation for ILC Detectors}},
  journal = {JINST},
  year = {2010},
  volume = {5},
  pages = {P12002},
  note = {DESY-10-142},
  archiveprefix = {arXiv},
  bdsk-url-1 = {http://dx.doi.org/10.1088/1748-0221/5/12/P12002},
  doi = {10.1088/1748-0221/5/12/P12002},
  eprint = {1009.2433},
  primaryclass = {physics.ins-det},
  slaccitation = {%%CITATION = ARXIV:1009.2433;%%}
}

@ARTICLE{bib25,
  author = {Abramowicz,H. and others},
  title = {{Revised requirements on the readout of the luminosity calorimeter
	}},
  year = {2008},
  note = {EUDET-Memo-2008-08},
  bdsk-url-1 = {http://www.eudet.org/e26/e28/e615/eudet_memo_2008_08.pdf},
  url = {http://www.eudet.org/e26/e28/e615/eudet_memo_2008_08.pdf}
}

@ARTICLE{ieee_angel,
  author = {Abusleme, Angel and Dragone, Angelo and Haller, Gunther and Wooley,
	Bruce A.},
  title = {{BeamCal Instrumentation IC: Design, implementation, and test results}},
  journal = {IEEE Trans.Nucl.Sci.},
  year = {2012},
  volume = {59},
  pages = {589-596},
  bdsk-url-1 = {http://dx.doi.org/10.1109/TNS.2012.2194308},
  doi = {10.1109/TNS.2012.2194308},
  slaccitation = {%%CITATION = IETNA,59,589;%%}
}

@ARTICLE{ild:bib:ref-wiresgemlcnote,
  author = {Ackermann,K. and others},
  title = {{Results from a TPC Prototype for the Linear Collider Tracker with
	the MWPC and GEM Endplate Technologies}},
  year = {2012},
  note = {LC-DET-2012-066},
  bdsk-url-1 = {http://www-flc.desy.de/lcnotes},
  url = {http://www-flc.desy.de/lcnotes}
}

@ARTICLE{ild:bib:microroc,
  author = {Adloff, C. and Blaha, J. and Chefdeville, M. and Dalmaz, A. and Drancourt,
	C. and others},
  title = {{MICROROC: MICRO-mesh gaseous structure Read-Out Chip}},
  journal = {JINST},
  year = {2012},
  volume = {7},
  pages = {C01029},
  doi = {10.1088/1748-0221/7/01/C01029},
  slaccitation = {%%CITATION = JINST,7,C01029;%%}
}

@ARTICLE{Adloff:2012gv,
  author = {Adloff, C. and others},
  title = {{Hadronic energy resolution of a highly granular scintillator-steel
	hadron calorimeter using software compensation techniques}},
  journal = {JINST},
  year = {2012},
  volume = {7},
  pages = {P09017},
  note = {MPP-2012-116},
  archiveprefix = {arXiv},
  collaboration = {CALICE Collaboration},
  doi = {10.1088/1748-0221/7/09/P09017},
  eprint = {1207.4210},
  primaryclass = {physics.ins-det},
  slaccitation = {%%CITATION = ARXIV:1207.4210;%%}
}

@ARTICLE{ild:bib:Calice_test,
  author = {Adloff,C. and others},
  title = {{Construction and performance of a silicon photomultiplier/extruded
	scintillator tail-catcher and muon tracker}},
  journal = {JINST},
  year = {2012},
  volume = {7},
  pages = {4015},
  archiveprefix = {arXiv},
  eprint = {1201.1653},
  primaryclass = {physics.ins-det}
}

@ARTICLE{collaboration:2010rq,
  author = {Adloff, C. and others},
  title = {{Electromagnetic response of a highly granular hadronic calorimeter}},
  journal = {JINST},
  year = {2011},
  volume = {6},
  pages = {P04003},
  note = {DESY-10-241},
  archiveprefix = {arXiv},
  bdsk-url-1 = {http://dx.doi.org/10.1088/1748-0221/6/04/P04003},
  collaboration = {CALICE Collaboration},
  doi = {10.1088/1748-0221/6/04/P04003},
  eprint = {1012.4343},
  primaryclass = {physics.ins-det},
  slaccitation = {%%CITATION = ARXIV:1012.4343;%%}
}

@ARTICLE{ild:bib:calice-pflow,
  author = {Adloff,C. and others},
  title = {{Tests of a particle flow algorithm with CALICE test beam data}},
  journal = {JINST},
  year = {2011},
  volume = {6},
  pages = {P07005},
  archiveprefix = {arXiv},
  collaboration = {CALICE Collaboration},
  eprint = {1105.3417},
  owner = {poeschl},
  primaryclass = {physics.ins-det},
  timestamp = {2012.09.21}
}

@ARTICLE{ild:bib:siecal_elecshower,
  author = {C. Adloff and others},
  title = {{Effects of high-energy particle showers on the embedded front-end
	electronics of an electromagnetic calorimeter for a future lepton
	collider}},
  journal = {Nucl.Instrum.Meth.},
  year = {2011},
  volume = {A654},
  pages = {97},
  archiveprefix = {arXiv},
  collaboration = {CALICE Collaboration},
  date-added = {2012-09-17 22:23:55 +0000},
  date-modified = {2012-09-17 22:25:16 +0000},
  eprint = {1102.3454},
  owner = {poeschl},
  primaryclass = {physics.ins-det},
  timestamp = {2012.09.21}
}

@ARTICLE{collaboration:2010hb,
  author = {Adloff, C. and others},
  title = {{Construction and Commissioning of the CALICE Analogue Hadron Calorimeter
	Prototype}},
  journal = {JINST},
  year = {2010},
  volume = {5},
  pages = {P05004},
  note = {DESY-10-032},
  archiveprefix = {arXiv},
  bdsk-url-1 = {http://dx.doi.org/10.1088/1748-0221/5/05/P05004},
  collaboration = {CALICE Collaboration},
  doi = {10.1088/1748-0221/5/05/P05004},
  eprint = {1003.2662},
  primaryclass = {physics.ins-det},
  slaccitation = {%%CITATION = ARXIV:1003.2662;%%}
}

@article{Callier:2011zz,
    Author = {Callier, S. and Dulucq, F. and de La Taille, C. and Martin-Chassard, G. and Seguin-Moreau, N.},
    Journal = {JINST},
    Pages = {C12040},
    Title = {{SKIROC2, front end chip designed to readout the Electromagnetic CALorimeter at the ILC}},
    Volume = {6},
    Year = {2011}}
    
@article{Suehara:2018mqk,
    Author = {Suehara, T. and others},
    Journal = {JINST},
    Number = {03},
    Pages = {C03015},
    Title = {{Performance study of SKIROC2/A ASIC for ILD Si-W ECAL}},
    Volume = {13},
    Year = {2018}}  
    
@article{Boudry:2014bxa,
    Author = {Boudry, Vincent},
    Booktitle = {{Proceedings, 3rd International Conference on Technology and Instrumentation in Particle Physics (TIPP 2014): Amsterdam, Netherlands, June 2-6, 2014}},
    Collaboration = {ILD SiW-ECAL development group},
    Journal = {PoS},
    Keywords = {SiW ECAL; Constr},
    Pages = {020},
    Slaccitation = {%%CITATION = POSCI,TIPP2014,020;%%},
    Title = {{Development of technological prototype of silicon-tungsten electromagnetic calorimeter for ILD.}},
    Url = {https://pos.sissa.it/213/020/pdf},
    Volume = {TIPP2014},
    Year = {2014},
    Bdsk-Url-1 = {https://pos.sissa.it/213/020/pdf}}

@article{Poeschl:2015jma,
    Author = {P{\"o}schl, Roman},
    Booktitle = {{Proceedings of 16th International Conference on Calorimetry in High Energy Physics (CALOR 2014): Giessen, Germany, April 6-11, 2014}},
    Collaboration = {CALICE},
    Doi = {10.1088/1742-6596/587/1/012032},
    Journal = {J. Phys. Conf. Ser.},
    Keywords = {SiW ECAL; Constr},
    Number = {1},
    Pages = {012032},
    Reportnumber = {AIDA-CONF-2015-047},
    Slaccitation = {%%CITATION = 00462,587,012032;%%},
    Title = {{R\&D for a highly granular silicon tungsten electromagnetic calorimeter}},
    Volume = {587},
    Year = {2015},
    Bdsk-Url-1 = {https://doi.org/10.1088/1742-6596/587/1/012032}}
    
@article{Kawagoe:2019dzh,
    Archiveprefix = {arXiv},
    Author = {Kawagoe, K. and others},
    Eprint = {1902.00110},
    Keywords = {SiW ECAL; CALICE},
    Note = {Submitted to NIM A},
    Primaryclass = {physics.ins-det},
    Slaccitation = {%%CITATION = ARXIV:1902.00110;%%},
    Title = {{Beam test performance of the highly granular SiW-ECAL technological prototype for the ILC}},
    Year = {2019}}
    
@article{Balagura:2017vvf,
    Archiveprefix = {arXiv},
    Author = {Balagura, V.},
    Booktitle = {{Proceedings, International Conference on Calorimetry for the High Energy Frontier (CHEF 2017): Lyon, France, October 2-6, 2017}},
    Collaboration = {SiW ECAL ILD},
    Doi = {10.1088/1748-0221/13/03/C03047},
    Eprint = {1712.05680},
    Journal = {JINST},
    Keywords = {SiW ECAL; Constr},
    Number = {03},
    Pages = {C03047},
    Primaryclass = {physics.ins-det},
    Slaccitation = {%%CITATION = ARXIV:1712.05680;%%},
    Title = {{Technical instrumentation R\&D for ILD SiW ECAL large scale device}},
    Volume = {13},
    Year = {2018},
    Bdsk-Url-1 = {https://doi.org/10.1088/1748-0221/13/03/C03047}
}

@ARTICLE{ild:bib:siecal_pion,
  author = {C. Adloff and others},
  title = {{Study of the interactions of pions in the CALICE silicon-tungsten
	calorimeter prototype}},
  journal = {JINST},
  year = {2010},
  volume = {5},
  pages = {P05007},
  archiveprefix = {arXiv},
  collaboration = {CALICE Collaboration},
  date-added = {2012-09-17 22:04:26 +0000},
  date-modified = {2012-09-17 22:06:04 +0000},
  eprint = {1004.4996},
  owner = {poeschl},
  primaryclass = {physics.ins-det},
  timestamp = {2012.09.21}
}

@ARTICLE{ild:bib:siecal_resp,
  author = {C. Adloff and others},
  title = {{Response of the CALICE Si-W Electromagnetic Calorimeter Physics
	Prototype to Electrons}},
  journal = {Nucl.Instrum.Meth.},
  year = {2009},
  volume = {A608},
  pages = {372},
  archiveprefix = {arXiv},
  collaboration = {CALICE Collaboration},
  date-added = {2012-09-17 21:58:55 +0000},
  date-modified = {2012-09-17 22:01:33 +0000},
  eprint = {0811.2354},
  owner = {poeschl},
  primaryclass = {physics.ins-det},
  timestamp = {2012.09.21}
}

@article{Callier:2014uqa,
      author         = "Callier, S. and Cizel, J. -B and Dulucq, F. and Taille,
                        C. de La and Martin-Chassard, G. and Seguin-Moreau, N.",
      title          = "{ROC chips for imaging calorimetry at the International
                        Linear Collider}",
      booktitle      = "{Proceedings, Topical Workshop on Electronics for
                        Particle Physics (TWEPP13): Perugia, Italy, September
                        23-27, 2013}",
      journal        = "JINST",
      volume         = "9",
      year           = "2014",
      pages          = "C02022",
      doi            = "10.1088/1748-0221/9/02/C02022",
      reportNumber   = "AIDA-CONF-2014-009",
      SLACcitation   = "%%CITATION = JINST,9,C02022;%%"
}

@article{Buridon:2016ill,
      author         = "Buridon, V. and others",
      title          = "{First results of the CALICE SDHCAL technological
                        prototype}",
      collaboration  = "CALICE",
      journal        = "JINST",
      volume         = "11",
      year           = "2016",
      number         = "04",
      pages          = "P04001",
      doi            = "10.1088/1748-0221/11/04/P04001",
      eprint         = "1602.02276",
      archivePrefix  = "arXiv",
      primaryClass   = "physics.ins-det",
      reportNumber   = "CALICE-PUB-2016-001",
      SLACcitation   = "%%CITATION = ARXIV:1602.02276;%%"
}

@article{Deng:2016obt,
      author         = "Deng, Z. and others",
      title          = "{Resistive Plate Chamber Digitization in a Hadronic
                        Shower Environment}",
      collaboration  = "CALICE",
      journal        = "JINST",
      volume         = "11",
      year           = "2016",
      number         = "06",
      pages          = "P06014",
      doi            = "10.1088/1748-0221/11/06/P06014",
      eprint         = "1604.04550",
      archivePrefix  = "arXiv",
      primaryClass   = "physics.ins-det",
      reportNumber   = "CALICE-PUB-2016-004, CALICE Analysis Note CAN-053,
                        CALICE-CAN-2016-002",
      SLACcitation   = "%%CITATION = ARXIV:1604.04550;%%"
}

@article{Fleury:2014hfa,
      author         = "Fleury, J. and Callier, S. and de La Taille, C. and
                        Seguin, N. and Thienpont, D. and Dulucq, F. and Ahmad, S.
                        and Martin, G.",
      title          = "{Petiroc and Citiroc: front-end ASICs for SiPM read-out
                        and ToF applications}",
      booktitle      = "{Proceedings, Topical Workshop on Electronics for
                        Particle Physics (TWEPP13): Perugia, Italy, September
                        23-27, 2013}",
      journal        = "JINST",
      volume         = "9",
      year           = "2014",
      pages          = "C01049",
      doi            = "10.1088/1748-0221/9/01/C01049",
      SLACcitation   = "%%CITATION = JINST,9,C01049;%%"
}

@ARTICLE{material2,
  author = {K. Afanaciev and others},
  title = {{Investigation of the Radiation Hardness of GaAs Sensors in an Electron
	Beam}},
  year = {2012},
  note = {submitted to JINST}
}

@ARTICLE{ild:bib:ref:geant4,
  author = {Agostinelli, S. and others},
  title = {{GEANT4: A Simulation toolkit}},
  journal = {Nucl.Instrum.Meth.},
  year = {2003},
  volume = {A506},
  pages = {250-303},
  note = {SLAC-PUB-9350, FERMILAB-PUB-03-339},
  bdsk-url-1 = {http://dx.doi.org/10.1016/S0168-9002(03)01368-8},
  collaboration = {GEANT4},
  doi = {10.1016/S0168-9002(03)01368-8},
  slaccitation = {%%CITATION = NUIMA,A506,250;%%}
}

@ARTICLE{ild:bib:sLHC,
  author = {Allport, P.},
  title = {{The ATLAS Tracker Upgrade}},
  owner = {buesserk},
  timestamp = {2012.10.17},
  url = {http://conference.ippp.dur.ac.uk/conferenceDisplay.py?confId=314}
}

@ARTICLE{ild:bib:VTXdepfet1,
  author = {Alonso, O. and others},
  title = {{DEPFET active pixel detectors for a future linear $e^+e^-$ collider}},
  year = {2012},
  note = {accepted for publication by IEEE Trans. Nucl. Sc.},
  archiveprefix = {arXiv},
  collaboration = {DEPFET Collaboration},
  eprint = {1212.2160},
  primaryclass = {physics.ins-det},
  slaccitation = {%%CITATION = ARXIV:1212.2160;%%}
}

@ARTICLE{ild:bib:benchmark:richard,
  author = {M.S. Amjad and T. Frisson and I. Garcia and R. P\"{o}schl and E.
	Ros and F. Richard and J. Rou\"{e}n\'{e} and M. Vos },
  title = {{A precise determination of top quark electroweak couplings at the
	ILC operating at $\sqrt{s}$ = 500 GeV }},
  year = {2013},
  note = {LC-REP-2013-007 },
  url = {http://www-flc.desy.de/lcnotes/notes/LC-REP-2013-007.pdf}
}

@ARTICLE{ild:bib:benchmark:ttbaranalysis,
  author = {M.S. Amjad and T. Frisson and R. P\"{o}schl and F. Richard and J.
	Rou\"{e}n\'{e}},
  title = {{Forward backward asymmetry in $e^+e^- \rightarrow t\bar{t}$ at $\sqrt{s}$
	= 500 GeV for fully hadronic decays of the $t\bar{t}$ pair}},
  year = {2013},
  note = {LC-REP-2013-008 },
  url = {http://www-flc.desy.de/lcnotes/notes/LC-REP-2013-008.pdf}
}

@ARTICLE{ild:bib:VTXdepfettb,
  author = {Andricek, L. and Caride, J. and Dolezal, Z. and Drasal, Z. and Esch,
	S. and others},
  title = {{Intrinsic resolutions of DEPFET detector prototypes measured at
	beam tests}},
  journal = {Nucl.Instrum.Meth.},
  year = {2011},
  volume = {A638},
  pages = {24-32},
  bdsk-url-1 = {http://dx.doi.org/10.1016/j.nima.2011.02.015},
  doi = {10.1016/j.nima.2011.02.015},
  slaccitation = {%%CITATION = NUIMA,A638,24;%%}
}

@ARTICLE{ild:bib:VTXdepfetmech2,
  author = {Andricek, L. and Lutz, G. and Richter, Rainer Helmut and Reiche,
	M.},
  title = {{Processing of ultra-thin silicon sensors for future e+ e- linear
	collider experiments}},
  journal = {IEEE Trans.Nucl.Sci.},
  year = {2004},
  volume = {51},
  pages = {1117-1120},
  bdsk-url-1 = {http://dx.doi.org/10.1109/TNS.2004.829531},
  doi = {10.1109/TNS.2004.829531},
  slaccitation = {%%CITATION = IETNA,51,1117;%%}
}

@ARTICLE{ild:bib:siecal_techproto,
  author = {M. Anduze and others},
  title = {{JRA3 Electromagnetic Calorimeter Technical Design Report}},
  year = {2009},
  note = {EUDET-Report-2009-01},
  bdsk-url-1 = {http://www.eudet.org/e26/e26/e27/e43691/eudet-report-09-01.pdf},
  date-added = {2012-09-17 21:22:21 +0000},
  date-modified = {2012-09-17 22:29:32 +0000},
  url = {http://www.eudet.org/e26/e26/e27/e43691/eudet-report-09-01.pdf}
}

@ARTICLE{Aoki:2008av,
  author = {Aoki, Mayumi and Kanemura, Shinya and Seto, Osamu},
  title = {{Neutrino mass, Dark Matter and Baryon Asymmetry via TeV-Scale Physics
	without Fine-Tuning}},
  journal = {Phys.Rev.Lett.},
  year = {2009},
  volume = {102},
  pages = {051805},
  archiveprefix = {arXiv},
  bdsk-url-1 = {http://dx.doi.org/10.1103/PhysRevLett.102.051805},
  doi = {10.1103/PhysRevLett.102.051805},
  eprint = {0807.0361},
  primaryclass = {hep-ph},
  reportnumber = {UT-HET-011, IFT-UAM-CSIC-08-40},
  slaccitation = {%%CITATION = ARXIV:0807.0361;%%}
}

@ARTICLE{Aoki:2009vf,
  author = {Aoki, Mayumi and Kanemura, Shinya and Seto, Osamu},
  title = {{A Model of TeV Scale Physics for Neutrino Mass, Dark Matter and
	Baryon Asymmetry and its Phenomenology}},
  journal = {Phys.Rev.},
  year = {2009},
  volume = {D80},
  pages = {033007},
  archiveprefix = {arXiv},
  bdsk-url-1 = {http://dx.doi.org/10.1103/PhysRevD.80.033007},
  doi = {10.1103/PhysRevD.80.033007},
  eprint = {0904.3829},
  primaryclass = {hep-ph},
  reportnumber = {TU-846, UT-HET-027, FTPI-MINN-09-16, UMN-TH-2744-09},
  slaccitation = {%%CITATION = ARXIV:0904.3829;%%}
}

@ARTICLE{ild:bib:ref-steve,
  author = {Steve Aplin},
  title = {{Study of the TPC Endcap Mechanical Thickness (All results in~\cite{ild:bib:ref-lcnote2012})}},
  year = {2010}
}

@ARTICLE{ild:bib:eudet15,
  author = {Apostolakis, J. and others},
  title = {{Validation of GEANT4 hadronic models using CALICE data}},
  year = {2010},
  note = {EUDET-Memo-2010-15},
  collaboration = {CALICE Collaboration},
  owner = {buesserk},
  timestamp = {2012.09.27},
  url = {http://www.eudet.org/e26/e28/e86887/e109012/EUDET-Memo-2010-15.pdf}
}

@ARTICLE{ild:bib:ref-arai,
  author = {Daisuke Arai},
  title = {{Ion Problem Report (LCTPC Workpackage Meeting \# 145).}},
  year = {2012},
  url = {http://ilcagenda.linearcollider.org/getFile.py/access?subContId=1\&contribId=3\&resId=0\&materialId=slides\&confId=5522}
}

@ARTICLE{ild:bib:ref-mmpap,
  author = {D.C. Arogancia and others},
  title = {{Study in a beam test of the resolution of a Micromegas TPC with
	standard readout pads}},
  journal = {Nucl.Instrum.Meth.},
  year = {2009},
  volume = {A602},
  pages = {403},
  owner = {buesserk},
  timestamp = {2012.09.26}
}

@ARTICLE{ild:dbd:FTD:POWER5,
  author = {F. Arteche and others},
  title = {{Base line design of FTD sub-detector power distribution system for
	ILD}},
  year = {2012},
  note = {LC-REP-2012-072},
  institution = {Aragon Institute of Technology (ITA)},
  owner = {vila},
  timestamp = {2012.09.27},
  url = {http://www-flc.desy.de/lcnotes/notes/LC-REP-2012-074.pdf}
}

@ARTICLE{ild:dbd:FTD:POWER1,
  author = {F. Arteche and others},
  title = {{Powering requirements and constraints of the microstrip-FTD detector
	at the Linear Collider}},
  year = {2011},
  owner = {vila},
  timestamp = {2012.09.27},
  url = {http://ilcagenda.linearcollider.org/contributionDisplay.py?contribId=4&sessionId=4&confId=5010}
}

@CONFERENCE{ild:dbd:FTD:POWER4,
  author = {F. Arteche and others},
  title = {{Electromagnetic Compatibility plan for CMS experiment at CERN}},
  booktitle = {Proceedings 15th International Zurich Symposium and Technical Exhibition
	on EMC},
  year = {2003},
  owner = {vila},
  timestamp = {2012.09.27}
}

@CONFERENCE{ild:dbd:FTD:POWER2,
  author = {F. Arteche and others},
  title = {{EMI Filter Design and Stability Assessment of DC Voltage Distribution
	based on Switching Converters}},
  booktitle = {LEB 2001 7th Workshop on Electronics for LHC Experiments Proceedings},
  year = {2001},
  owner = {vila},
  timestamp = {2012.09.27}
}

@ARTICLE{Asakawa:2010xj,
  author = {Asakawa, Eri and Harada, Daisuke and Kanemura, Shinya and Okada,
	Yasuhiro and Tsumura, Koji},
  title = {{Higgs boson pair production in new physics models at hadron, lepton,
	and photon colliders}},
  journal = {Phys.Rev.},
  year = {2010},
  volume = {D82},
  pages = {115002},
  archiveprefix = {arXiv},
  bdsk-url-1 = {http://dx.doi.org/10.1103/PhysRevD.82.115002},
  doi = {10.1103/PhysRevD.82.115002},
  eprint = {1009.4670},
  primaryclass = {hep-ph},
  reportnumber = {OCHA-PP-305, KEK-TH-1396, UT-HET-041, IC-2010-076},
  slaccitation = {%%CITATION = ARXIV:1009.4670;%%}
}

@ARTICLE{ild:bib:ref-tpclcnoteelectronics,
  author = {Aspell,P. and De Gaspari,M. and others},
  title = {{Super-Altro 16: a Front-End System on Chip for DSP Based Readout
	of Gaseous Detectors}},
  year = {2012},
  note = {LC-DET-2012-077},
  url = {http://www-flc.desy.de/lcnotes}
}

@ARTICLE{ild:bib:SiEnv,
  author = {Augustin, J.E. and others},
  title = {{A Silicon Envelope for the TPC}},
  note = {LC-DET-2003-013},
  owner = {buesserk},
  timestamp = {2012.11.12}
}

@ARTICLE{ild:bib:pair_background,
  author = {Avetisyan, Eduard},
  title = {{Study of the anti-DID Magnetic Field Effects on the Beam-induced
	Pair Backgrounds in ILD}},
  year = {2013},
  note = {LC-REP-2013-002},
  owner = {buesserk},
  timestamp = {2013.02.05},
  url = {http://www-flc.desy.de/lcnotes/notes/LC-REP-2013-002.pdf}
}

@ARTICLE{ild:bib:benchmark:physicsvolume,
  author = {Baer, H. and others},
  title = {{Physics at the International Linear Collider}},
  year = {2012},
  note = {to be published in the ILC Detailed Baseline Design Report},
  bdsk-url-1 = {http://lcsim.org/papers/DBDPhysics.pdf},
  url = {http://lcsim.org/papers/DBDPhysics.pdf}
}

@ARTICLE{ild:bib:ref:lcfivertex,
  author = {Bailey, D. and others},
  title = {{The LCFIVertex package: vertexing, flavour tagging and vertex charge
	reconstruction with an ILC vertex detector}},
  journal = {Nucl.Instrum.Meth.},
  year = {2009},
  volume = {A610},
  pages = {573-589},
  archiveprefix = {arXiv},
  bdsk-url-1 = {http://dx.doi.org/10.1016/j.nima.2009.08.059},
  collaboration = {LCFI Collaboration},
  doi = {10.1016/j.nima.2009.08.059},
  eprint = {0908.3019},
  primaryclass = {physics.ins-det},
  slaccitation = {%%CITATION = ARXIV:0908.3019;%%}
}

@ARTICLE{ild:bib:Danilov,
  author = {Balagura,V. and Danilov,M. and others},
  title = {{Study of scintillator strip with wavelength shifting fiber and silicon
	photomultiplier}},
  journal = {Nucl.Instrum.Meth.},
  year = {2006},
  volume = {A564},
  pages = {590-596},
  archiveprefix = {arXiv},
  eprint = {physics/0504194},
  primaryclass = {physics.ins-det}
}

@ARTICLE{ild:bib:ball2004daq,
  author = {Ball, M. and Ghodbane, N. and Janssen, Matthias Enno and Wienemann,
	P.},
  title = {{A DAQ system for linear collider TPC prototypes based on the ALEPH
	TPC electronics}},
  year = {2004},
  note = {LC-DET-2004-013},
  archiveprefix = {arXiv},
  eprint = {physics/0407120},
  primaryclass = {physics},
  slaccitation = {%%CITATION = PHYSICS/0407120;%%}
}

@ARTICLE{ild:bib:drugakov,
  author = {Bambade, P. and Drugakov, V. and Lohmann, W.},
  title = {{The Impact of BeamCal performance at different ILC beam parameters
	and crossing angles on stau searches}},
  journal = {Pramana},
  year = {2007},
  volume = {69},
  pages = {1123-1128},
  note = {LAL-06-145},
  archiveprefix = {arXiv},
  bdsk-url-1 = {http://dx.doi.org/10.1007/s12043-007-0240-0},
  doi = {10.1007/s12043-007-0240-0},
  eprint = {physics/0610145},
  primaryclass = {physics},
  slaccitation = {%%CITATION = PHYSICS/0610145;%%}
}

@ARTICLE{ild:bib:benchmark:barger12,
  author = {E.L. Barger and others},
  title = {{The Top Quark Production Asymmetries} $\mathrm{A_{FB}^t}$ and $\mathrm{A_{FB}^{\ell}}$},
  journal = {Phys.Rev.Lett.},
  year = {2012},
  number = {108},
  archiveprefix = {arxiv},
  date-added = {2012-09-25 22:18:30 +0000},
  date-modified = {2012-09-25 22:18:30 +0000},
  eprint = {1201.1790},
  primaryclass = {hep-ph}
}

@ARTICLE{Barger:1988kb,
  author = {Barger, Vernon D. and Han, Tao},
  title = {{Double higgs boson production via W W fusion in TeV e+ e- collisions}},
  journal = {Mod.Phys.Lett.},
  year = {1990},
  volume = {A5},
  pages = {667-674},
  bdsk-url-1 = {http://dx.doi.org/10.1142/S0217732390000755},
  doi = {10.1142/S0217732390000755},
  reportnumber = {MAD-PH-430A},
  slaccitation = {%%CITATION = MPLAE,A5,667;%%}
}

@ARTICLE{ild:bib:benchmark:HSC:SimZHH2,
  author = {Barklow, T.},
  title = {{Higgs self-coupling measurement}},
  year = {2007},
  note = {Presentation for LCWS07},
  bdsk-url-1 = {http://ilcagenda.linearcollider.org/getFile.py/access?contribId=154&sessionId=71&resId=1&materialId=slides&confId=1296},
  url = {http://ilcagenda.linearcollider.org/getFile.py/access?contribId=154&sessionId=71&resId=1&materialId=slides&confId=1296}
}

@ARTICLE{ild:bib:perfgoal::barklow,
  author = {Barklow, T.},
  title = {{Physics Impact of Detector Performance}},
  year = {2005},
  note = {Presentation for LCWS05},
  bdsk-url-1 = {http://www-conf.slac.stanford.edu/lcws05/program/talks/18mar2005.ppt},
  url = {http://www-conf.slac.stanford.edu/lcws05/program/talks/18mar2005.ppt}
}

@ARTICLE{DBDbench-request,
  author = {Barklow, T and Berggren, M. and Fujii, K. and Graf, N. and Miyamoto,
	A. and Peskin, M. and Richard, F. and Weiglein, G.},
  title = {{Detector benchmarking for the 2012 DBD}},
  year = {2011},
  note = {ILC-NOTE-2011-059}
}

@ARTICLE{Baur:2003gp,
  author = {Baur, U. and Plehn, T. and Rainwater, David L.},
  title = {{Probing the higgs selfcoupling at hadron colliders using rare decays}},
  journal = {Phys.Rev.},
  year = {2004},
  volume = {D69},
  pages = {053004},
  archiveprefix = {arXiv},
  bdsk-url-1 = {http://dx.doi.org/10.1103/PhysRevD.69.053004},
  doi = {10.1103/PhysRevD.69.053004},
  eprint = {hep-ph/0310056},
  primaryclass = {hep-ph},
  reportnumber = {CERN-TH-2003-186, UB-HET-03-06, DESY-03-103},
  slaccitation = {%%CITATION = HEP-PH/0310056;%%}
}

@ARTICLE{Baur:2002qd,
  author = {Baur, U. and Plehn, T. and Rainwater, David L.},
  title = {{Determining the higgs boson selfcoupling at hadron colliders}},
  journal = {Phys.Rev.},
  year = {2003},
  volume = {D67},
  pages = {033003},
  archiveprefix = {arXiv},
  bdsk-url-1 = {http://dx.doi.org/10.1103/PhysRevD.67.033003},
  doi = {10.1103/PhysRevD.67.033003},
  eprint = {hep-ph/0211224},
  primaryclass = {hep-ph},
  reportnumber = {CERN-TH-2002-327, UB-HET-02-05, FERMILAB-PUB-02-199-T, DESY-02-183},
  slaccitation = {%%CITATION = HEP-PH/0211224;%%}
}

@ARTICLE{Baur:2003gpa,
  author = {Baur, U. and Plehn, T. and Rainwater, David L.},
  title = {{Examining the higgs boson potential at lepton and hadron colliders:
	A Comparative analysis}},
  journal = {Phys.Rev.},
  year = {2003},
  volume = {D68},
  pages = {033001},
  archiveprefix = {arXiv},
  bdsk-url-1 = {http://dx.doi.org/10.1103/PhysRevD.68.033001},
  doi = {10.1103/PhysRevD.68.033001},
  eprint = {hep-ph/0304015},
  primaryclass = {hep-ph},
  reportnumber = {CERN-TH-2003-069, UB-HET-03-01, DESY-03-035},
  slaccitation = {%%CITATION = HEP-PH/0304015;%%}
}

@ARTICLE{Baur:2002rb,
  author = {Baur, Ulrich and Plehn, Tilman and Rainwater, David L.},
  title = {{Measuring the higgs boson self coupling at the LHC and finite top
	mass matrix elements}},
  journal = {Phys.Rev.Lett.},
  year = {2002},
  volume = {89},
  pages = {151801},
  archiveprefix = {arXiv},
  bdsk-url-1 = {http://dx.doi.org/10.1103/PhysRevLett.89.151801},
  doi = {10.1103/PhysRevLett.89.151801},
  eprint = {hep-ph/0206024},
  primaryclass = {hep-ph},
  reportnumber = {FERMILAB-PUB-02-084-T, UB-HET-02-03, MADPH-02-1271, FERMILAB-PUB-02-092-T},
  slaccitation = {%%CITATION = HEP-PH/0206024;%%}
}

@ARTICLE{ild:bib:benchmark:WWanalysis1,
  author = {Bechtle, P. and Ehrenfeld, W. and Marchesini, I.},
  title = {{Measurement of the beam polarization at the ILC using the WW production}},
  year = {2009},
  note = {LC-DET-2009-009}
}

@ARTICLE{ild:bib:ref-lpfieldcage,
  author = {T. Behnke and others},
  title = {{A Lightweight Field Cage for a Large TPC Prototype for the ILC}},
  journal = {JINST},
  year = {2010},
  volume = {5},
  pages = {P10011},
  archiveprefix = {arXiv},
  eprint = {1006.3220v1}
}

@ARTICLE{ild:bib:Bergauer,
  author = {Bergauer, T. and others},
  note = {EUDET-Memo-2009-18},
  owner = {buesserk},
  timestamp = {2012.09.26},
  url = {http://www.eudet.org/e26/e28/}
}

@ARTICLE{Bethke:1991wk,
  author = {Bethke, S. and Kunszt, Z. and Soper, D.E. and Stirling, W. James},
  title = {{New jet cluster algorithms: Next-to-leading order QCD and hadronization
	corrections}},
  journal = {Nucl.Phys.},
  year = {1992},
  volume = {B370},
  pages = {310-334},
  bdsk-url-1 = {http://dx.doi.org/10.1016/0550-3213(92)90289-N},
  doi = {10.1016/0550-3213(92)90289-N},
  reportnumber = {CERN-TH-6222-91},
  slaccitation = {%%CITATION = NUPHA,B370,310;%%}
}

@ARTICLE{bichsel,
  author = {Bichsel, H.},
  title = {{Straggling in thin silicon detectors}},
  journal = {Rev.Mod.Phys.},
  year = {1988},
  volume = {60},
  pages = {663-699},
  bdsk-url-1 = {http://dx.doi.org/10.1103/RevModPhys.60.663},
  doi = {10.1103/RevModPhys.60.663},
  slaccitation = {%%CITATION = RMPHA,60,663;%%}
}

@ARTICLE{ild:bib:SiLCRD,
  author = {Blass, T. and others},
  title = {{SiLC: Silicon tracking for the Linear Collider}},
  note = {{Proposal of the SiLC R\&D Collaboration to the R\&D ILCSC Panel,
	Feb. 2008 at BILWC-2008}},
  collaboration = {SiLC Collaboration},
  eprint = {0903.4361},
  owner = {buesserk},
  primaryclass = {physics.ins-det},
  timestamp = {2012.09.26}
}

@ARTICLE{Blazey:2009zz,
  author = {Blazey, G. and Chakraborty, D. and Dyshkant, A. and Francis, K. and
	Hedin, D. and others},
  title = {{Directly coupled tiles as elements of a scintillator calorimeter
	with MPPC readout}},
  journal = {Nucl.Instrum.Meth.},
  year = {2009},
  volume = {A605},
  pages = {277-281},
  note = {FERMILAB-PUB-09-585-E},
  bdsk-url-1 = {http://dx.doi.org/10.1016/j.nima.2009.03.253},
  doi = {10.1016/j.nima.2009.03.253},
  slaccitation = {%%CITATION = NUIMA,A605,277;%%}
}

@inproceedings{Liu:2015cpe,
      author         = "Liu, Yong and Büscher, Volker and Caudron, Julien and
                        Chau, Phi and Krause, Sascha and Masetti, Lucia and
                        Schäfer, Ulrich and Spreckels, Rouven and Tapprogge,
                        Stefan and Wanke, Rainer",
      title          = "{A Design of Scintillator Tiles Read Out by
                        Surface-Mounted SiPMs for a Future Hadron Calorimeter}",
      booktitle      = "{Proceedings, 21st Symposium on Room-Temperature
                        Semiconductor X-ray and Gamma-ray Detectors (RTSD 2014):
                        Seattle, WA, USA, November 8-15, 2014}",
      year           = "2016",
      pages          = "7431118",
      doi            = "10.1109/NSSMIC.2014.7431118",
      eprint         = "1512.05900",
      archivePrefix  = "arXiv",
      primaryClass   = "physics.ins-det",
      SLACcitation   = "%%CITATION = ARXIV:1512.05900;%%"
}

@article{Sefkow:2018rhp,
      author         = "Sefkow, Felix and Simon, Frank",
      title          = "{A highly granular SiPM-on-tile calorimeter prototype}",
      booktitle      = "{Proceedings, 18th International Conference on
                        Calorimetry in Particle Physics (CALOR 2018): Eugene,
                        Oregon, USA, May 21-25, 2018}",
      collaboration  = "CALICE",
      journal        = "J. Phys. Conf. Ser.",
      volume         = "1162",
      year           = "2019",
      number         = "1",
      pages          = "012012",
      doi            = "10.1088/1742-6596/1162/1/012012",
      eprint         = "1808.09281",
      archivePrefix  = "arXiv",
      primaryClass   = "physics.ins-det",
      SLACcitation   = "%%CITATION = ARXIV:1808.09281;%%"
}
@inproceedings{Reinecke:2013zua,
      author         = "Reinecke, Mathias",
      title          = "{Performance of the large scale prototypes of the CALICE
                        tile hadron calorimeter}",
      booktitle      = "{Proceedings, 2013 IEEE Nuclear Science Symposium and
                        Medical Imaging  Conference (NSS/MIC 2013): Seoul, Korea,
                        October 26-November 2, 2013}",
      collaboration  = "CALICE",
      year           = "2013",
      doi            = "10.1109/NSSMIC.2013.6829522",
      reportNumber   = "AIDA-CONF-2015-030",
      SLACcitation   = "%%CITATION = AIDA-CONF-2015-030;%%"
}

@article{Bouchel:2011zz,
      author         = "Bouchel, M. and Callier, S. and Dulucq, F. and Fleury, J.
                        and Jaeger, J. J. and de La Taille, C. and
                        Martin-Chassard, G. and Raux, L.",
      title          = "{SPIROC (SiPM Integrated Read-Out Chip): Dedicated very
                        front-end electronics for an ILC prototype hadronic
                        calorimeter with SiPM read-out}",
      booktitle      = "{Electronics for particle physics. Proceedings, Topical
                        Workshop, TWEPP-10, Aachen, Germany, September 20-24,
                        2010}",
      journal        = "JINST",
      volume         = "6",
      year           = "2011",
      pages          = "C01098",
      doi            = "10.1088/1748-0221/6/01/C01098",
      SLACcitation   = "%%CITATION = JINST,6,C01098;%%"
}

@ARTICLE{Munwes:2634923,
  author = {Y. Munwes, P. Chau and F. Simon},
  title = {{Performance of test infrastructure for
  highly granular optical readout}},
  note = {Tech. Rep. AIDA-2020-D14.2},
  url = {https://cds.cern.ch/record/2634923}
}

@article{Kvasnicka:2017bpx,
      author         = "Kvasnicka, Jiri",
      title          = "{Data Acquisition System for the CALICE AHCAL
                        Calorimeter}",
      booktitle      = "{Proceedings, Topical Workshop on Electronics for
                        Particle Physics (TWEPP 2016): Karlsruhe, Germany}",
      collaboration  = "CALICE",
      journal        = "JINST",
      volume         = "12",
      year           = "2017",
      number         = "03",
      pages          = "C03043",
      doi            = "10.1088/1748-0221/12/03/C03043",
      eprint         = "1701.02232",
      archivePrefix  = "arXiv",
      primaryClass   = "physics.ins-det",
      SLACcitation   = "%%CITATION = ARXIV:1701.02232;%%"
}

@ARTICLE{Collaboration:2293646,
  author = {{CMS Collaboration}},
  year  = {2017},
  title = {{The Phase-2 Upgrade of the CMS Endcap Calorimeter}},
  note = {Tech. Rep. CERN-LHCC-2017-023}
}

@ARTICLE{ild:bib:eudet_sensors,
  author = {J. Blocki and others},
  title = {{Silicon Sensors Prototype for LumiCal Calorimeter}},
  note = {EUDET-Memo-2009-07},
  owner = {buesserk},
  timestamp = {2012.09.26}
}

@ARTICLE{Blondel:1987wr,
  author = {Blondel, Alain},
  title = {{A scheme to measure the polarization asymmetry at the Z pole in
	LEP}},
  journal = {Phys.Lett.},
  year = {1988},
  volume = {B202},
  pages = {145},
  bdsk-url-1 = {http://dx.doi.org/10.1016/0370-2693(88)90869-6},
  doi = {10.1016/0370-2693(88)90869-6},
  reportnumber = {CERN-EP/87-228},
  slaccitation = {%%CITATION = PHLTA,B202,145;%%}
}

@ARTICLE{pzc,
  author = {Boie, R.A. and Hrisoho, A.T. and Rehak, P.},
  title = {{Signal shaping and tail cancellation for gas proportional detectors
	at high counting rates}},
  journal = {IEEE Trans.Nucl.Sci.},
  year = {1981},
  volume = {28},
  pages = {603-609},
  bdsk-url-1 = {http://dx.doi.org/10.1016/0029-554X(82)90846-1},
  doi = {10.1016/0029-554X(82)90846-1},
  slaccitation = {%%CITATION = IETNA,28,603;%%}
}

@ARTICLE{ild:bib:Bosi,
  author = {Bosi, F.},
  title = {{Light Prototype Support Using Micro-channel Technology as High Efficiency
	for Silicon Pixel Cooling}},
  journal = {Nucl.Instrum.Meth.},
  year = {2011},
  volume = {A650},
  pages = {213-217},
  owner = {buesserk},
  timestamp = {2012.09.26}
}

@ARTICLE{Boudjema:1995cb,
  author = {Boudjema, F. and Chopin, E.},
  title = {{Double higgs production at the linear colliders and the probing
	of the higgs selfcoupling}},
  journal = {Z.Phys.},
  year = {1996},
  volume = {C73},
  pages = {85-110},
  archiveprefix = {arXiv},
  bdsk-url-1 = {http://dx.doi.org/10.1007/s002880050298},
  doi = {10.1007/s002880050298},
  eprint = {hep-ph/9507396},
  primaryclass = {hep-ph},
  reportnumber = {ENSLAPP-A-534-95},
  slaccitation = {%%CITATION = HEP-PH/9507396;%%}
}

@ARTICLE{Bourgeois2012,
  author = {Bourgeois, C. and Gonnin, A.},
  title = {{Integration of inner detector region}},
  year = {2012},
  note = {EDMS-ID: D*1003815,A,1,1},
  bdsk-url-1 = {http://edmsdirect.desy.de/edmsdirect/file.jsp?edmsid=D00000001003815,A,1,1},
  owner = {buesserk},
  timestamp = {2012.09.25},
  url = {http://edmsdirect.desy.de/edmsdirect/file.jsp?edmsid=D00000001003815,A,1,1}
}

@ARTICLE{ild:bib:brvi02,
  author = {J.C. Brient and H. Videau},
  title = {The calorimetry at the future $\epem$ linear collider},
  journal = {eConf },
  year = {2001},
  pages = {E3047},
  number = {C010630},
  archiveprefix = {arxiv},
  date-added = {2012-09-25 22:46:15 +0000},
  date-modified = {2012-09-25 22:46:15 +0000},
  eprint = {hep-ex/0202004v1}
}

@ARTICLE{ild:bib:ref:ROOT,
  author = {Brun, R. and Rademakers, F.},
  title = {{ROOT: An object oriented data analysis framework}},
  journal = {Nucl.Instrum.Meth.},
  year = {1997},
  volume = {A389},
  pages = {81-86},
  bdsk-url-1 = {http://dx.doi.org/10.1016/S0168-9002(97)00048-X},
  doi = {10.1016/S0168-9002(97)00048-X},
  slaccitation = {%%CITATION = NUIMA,A389,81;%%}
}

@ARTICLE{ild:bib:Buesser:2012et,
  author = {Buesser, Karsten},
  title = {{ILD Machine-Detector Interface and Experimental Hall Issues}},
  year = {2012},
  archiveprefix = {arXiv},
  eprint = {1201.5807},
  primaryclass = {physics.ins-det},
  slaccitation = {%%CITATION = ARXIV:1201.5807;%%}
}

@ARTICLE{Cacciari:2005hq,
  author = {Cacciari, Matteo and Salam, Gavin P.},
  title = {{Dispelling the $N^{3}$ myth for the $k_t$ jet-finder}},
  journal = {Phys.Lett.},
  year = {2006},
  volume = {B641},
  pages = {57-61},
  archiveprefix = {arXiv},
  bdsk-url-1 = {http://dx.doi.org/10.1016/j.physletb.2006.08.037},
  doi = {10.1016/j.physletb.2006.08.037},
  eprint = {hep-ph/0512210},
  primaryclass = {hep-ph},
  reportnumber = {LPTHE-05-32},
  slaccitation = {%%CITATION = HEP-PH/0512210;%%}
}

@ARTICLE{ild:bib:benchmark:vvhanalysis_mumu,
  author = {Constantino Calancha},
  title = {{Study of $H \rightarrow \mu^+\mu^-$ at $\sqrt{s}$ = 1 TeV at the
	ILC}},
  year = {2013},
  note = {LC-REP-2013-006 },
  url = {http://www-flc.desy.de/lcnotes/notes/LC-REP-2013-006.pdf}
}

@ARTICLE{ild:bib:skiroc2,
  author = {S. Callier and others},
  title = {{SKIROC2, front-end chip designed to readout the Electromagnetic
	CALorimeter at the ILC}},
  journal = {JINST},
  year = {2011},
  volume = {6},
  pages = {C12040},
  bdsk-url-1 = {http://dx.doi.org/10.1088/1748-0221/6/12/C12040},
  date-added = {2012-09-17 16:23:54 +0000},
  date-modified = {2012-09-17 16:24:45 +0000},
  doi = {10.1088/1748-0221/6/12/C12040}
}

@ARTICLE{ild:bib:pp-test,
  author = {L. Caponetto and others},
  title = {{First test of a power-pulsed electronics system on a GRPC detector
	in a 3-Tesla magnetic field}},
  journal = {JINST},
  year = {2012},
  volume = {7},
  pages = {P04009},
  archiveprefix = {arxiv},
  date-added = {2012-09-17 15:31:59 +0000},
  date-modified = {2012-09-17 22:28:21 +0000},
  eprint = {1111.5630v1},
  owner = {poeschl},
  primaryclass = {physics.ins-det},
  timestamp = {2012.09.21}
}

@ARTICLE{Castanier:2001sf,
  author = {Castanier, C. and Gay, P. and Lutz, P. and Orloff, J.},
  title = {{Higgs self coupling measurement in e+ e- collisions at center-of-mass
	energy of 500-GeV}},
  year = {2001},
  archiveprefix = {arXiv},
  eprint = {hep-ex/0101028},
  primaryclass = {hep-ex},
  reportnumber = {LC-PHSM-2000-061},
  slaccitation = {%%CITATION = HEP-EX/0101028;%%}
}

@ARTICLE{Catani:1991hj,
  author = {Catani, S. and Dokshitzer, Yuri L. and Olsson, M. and Turnock, G.
	and Webber, B.R.},
  title = {{New clustering algorithm for multi - jet cross-sections in e+ e-
	annihilation}},
  journal = {Phys.Lett.},
  year = {1991},
  volume = {B269},
  pages = {432-438},
  doi = {10.1016/0370-2693(91)90196-W},
  reportnumber = {CAVENDISH-HEP-91-5},
  slaccitation = {%%CITATION = PHLTA,B269,432;%%}
}

@ARTICLE{ild:bib:SiLCPRC,
  author = {Chen, W. and others},
  title = {{SiLC: Silicon tracking for the Linear Collider}},
  note = {Proposal of the SiLC R\&D Collaboration to the PRC-DESY in May 2003
	and addendum in October 2003; and status reports of the SiLC R\&D
	Collaboration to the PRC in 2005, 2008 and references therein.},
  owner = {buesserk},
  timestamp = {2012.11.12},
  url = {http://www.desy.de/f/prc/html/session-html/session-index.htm}
}

@ARTICLE{Cohen:1993nk,
  author = {Cohen, Andrew G. and Kaplan, D.B. and Nelson, A.E.},
  title = {{Progress in electroweak baryogenesis}},
  journal = {Ann.Rev.Nucl.Part.Sci.},
  year = {1993},
  volume = {43},
  pages = {27-70},
  archiveprefix = {arXiv},
  eprint = {hep-ph/9302210},
  primaryclass = {hep-ph},
  reportnumber = {UCSD-PTH-93-02, BUHEP-93-4},
  slaccitation = {%%CITATION = HEP-PH/9302210;%%}
}

@ARTICLE{ild:dbd:FTD:FBG3,
  author = {M. Consales and others},
  title = {{Fiber optic humidity sensors for high-energy physics applications
	at CERN}},
  journal = {Sensors and Actuators B},
  year = {2011},
  volume = {159},
  pages = {66-74},
  bdsk-url-1 = {http://dx.doi.org/10.1016/j.snb.2011.06.042},
  doi = {10.1016/j.snb.2011.06.042},
  owner = {vila},
  timestamp = {2012.07.30}
}

@INPROCEEDINGS{ild:bib:Cornat:2011,
  author = {R. Cornat},
  title = {Acquisition System and Detector Interface for Power Pulsed Detectors},
  year = {2012},
  volume = {37},
  number = {0},
  pages = {1791 - 1798},
  note = {Proceedings of the 2nd International Conference on Technology and
	Instrumentation in Particle Physics (TIPP 2011)},
  doi = {10.1016/j.phpro.2012.03.754},
  issn = {1875-3892},
  journal = {Physics Procedia},
  url = {http://www.sciencedirect.com/science/article/pii/S1875389212018913}
}

@ARTICLE{ild:bib:rnc08,
  author = {R. Cornat},
  title = {{Design of a SiW electromagnetic calorimeter for the International
	Linear Collider and study of cross talk in silicon sensors}},
  journal = {Nuclear Science Symposium Conference Record. NSS'08 IEEE},
  year = {2008},
  bdsk-url-1 = {http://dx.doi.org/10.1109/NSSMIC.2008.4774933},
  date-added = {2012-09-17 21:28:44 +0000},
  date-modified = {2012-09-17 21:29:53 +0000},
  doi = {10.1109/NSSMIC.2008.4774933}
}

@ARTICLE{ild:dbd:FTD:FBG2,
  author = {E. Curras and others},
  title = {{Influence of the Fiber Coating Type on the Strain Response of Proton-Irradiated
	Fiber Bragg Gratings}},
  journal = {Nuclear Science, IEEE Transactions on},
  year = {2012},
  volume = {59},
  pages = {937-942},
  part = {4-1},
  bdsk-url-1 = {http://dx.doi.org/10.1109/TNS.2012.2206049},
  doi = {10.1109/TNS.2012.2206049},
  owner = {vila},
  timestamp = {2012.07.30}
}

@ARTICLE{new_Bhabha,
  author = {Czakon, M. and Gluza, J. and Riemann, T.},
  title = {{The Planar four-point master integrals for massive two-loop Bhabha
	scattering}},
  journal = {Nucl.Phys.},
  year = {2006},
  volume = {B751},
  pages = {1-17},
  note = {DESY-06-021, WUE-ITP-2006-004, SFB-CPP-06-17},
  archiveprefix = {arXiv},
  bdsk-url-1 = {http://dx.doi.org/10.1016/j.nuclphysb.2006.05.033},
  doi = {10.1016/j.nuclphysb.2006.05.033},
  eprint = {hep-ph/0604101},
  primaryclass = {hep-ph},
  slaccitation = {%%CITATION = HEP-PH/0604101;%%}
}

@ARTICLE{ild:bib:Dasc_lc_note,
  author = {D'Ascenso,N. Saveliev,V.},
  title = {{Mathematical modeling and Study of the ILD Muon System/Tail Catcher}},
  year = {2012},
  note = {LC-DET-2012- xxx},
  bdsk-url-1 = {http://www-flc.desy.de/lcnotes},
  url = {http://www-flc.desy.de/lcnotes}
}

@ARTICLE{ild:bib:SPT,
  author = {Damerell, C.J.S. and Stefanov, K.D.},
  title = {{The Silicon pixel tracker: beginning of a revolution?}},
  journal = {PoS VERTEX 2011},
  year = {2011},
  pages = {021},
  owner = {buesserk},
  timestamp = {2012.10.17}
}

@ARTICLE{ild:bib:woitek3,
  author = {W. Daniluk and others},
  title = {{Laser Alignment System for LumiCal}},
  year = {2008},
  note = {EUDET-Report-2008-05},
  bdsk-url-1 = {%7Bhttp://www.eudet.org/e26/e26/e27/e826/EUDET%5C_report%5C_05.pdf%7D},
  url = {{http://www.eudet.org/e26/e26/e27/e826/EUDET\_report\_05.pdf}}
}

@ARTICLE{ild:bib:silicon:forward:lcd2011031,
  author = {Dannheim, D. and Vos ,M.},
  title = {{Simulation studies for the layout of the vertex and tracking regions
	of the CLIC detectors}},
  note = {LCD-Note-2011-031},
  owner = {buesserk},
  timestamp = {2012.09.26},
  url = {http://cds.cern.ch/record/1443503/files/LCD-2011-031.pdf}
}

@ARTICLE{ild:bib:Darbha2007,
  author = {Darbha, S.},
  title = {{Simulation of Neutron Backgrounds from the ILC Extraction Line Beam
	Dump}},
  note = {SLAC-TN-07-013}
}

@ARTICLE{ild:bib:ref-alice,
  author = {Dellacasa, G. and others},
  title = {{ALICE: Technical design report of the time projection chamber}},
  year = {2000},
  note = {CERN-OPEN-2000-183, CERN-LHCC-2000-001},
  collaboration = {ALICE Collaboration},
  slaccitation = {%%CITATION = CERN-OPEN-2000-183 ETC.;%%}
}

@ARTICLE{ild:dbd:FTD:FEE2,
  author = {A. Dieguez and others},
  title = {{Design of a FE ASIC in TSMC-65nm for Si tracking at the ILC}},
  year = {2012},
  note = {PREL-LC-DET-2012-005},
  institution = {University of Barcelona (UB)},
  owner = {vila},
  timestamp = {2012.09.27}
}

@ARTICLE{ild:bib:ref-ralf,
  author = {Ralf Diener},
  year = {2013},
  note = {{Private Communication on the analysis of the Grid GEM data}},
  owner = {buesserk},
  timestamp = {2013.01.15}
}

@ARTICLE{ild:bib:Dittmaier:2011ti,
  author = {Dittmaier, S. and others},
  title = {{Handbook of LHC higgs Cross Sections: 1. Inclusive Observables}},
  year = {2011},
  archiveprefix = {arXiv},
  collaboration = {LHC Higgs Cross Section Working Group},
  eprint = {1101.0593},
  primaryclass = {hep-ph},
  reportnumber = {CERN-2011-002},
  slaccitation = {%%CITATION = ARXIV:1101.0593;%%}
}

@ARTICLE{ild:bib:ref-madhu,
  author = {M. Dixit and others},
  title = {Position sensing from charge dispersion in micro-pattern gas detectors
	with a resistive anode},
  journal = {Nucl.Instrum.Meth.},
  year = {2004},
  volume = {A518},
  pages = {721}
}

@ARTICLE{Djouadi:1996ah,
  author = {Djouadi, A. and Haber, H.E. and Zerwas, P.M.},
  title = {{Multiple production of MSSM neutral higgs bosons at high-energy
	e+ e- colliders}},
  journal = {Phys.Lett.},
  year = {1996},
  volume = {B375},
  pages = {203-212},
  archiveprefix = {arXiv},
  bdsk-url-1 = {http://dx.doi.org/10.1016/0370-2693(96)00244-4},
  doi = {10.1016/0370-2693(96)00244-4},
  eprint = {hep-ph/9602234},
  primaryclass = {hep-ph},
  reportnumber = {DESY-95-214, KA-TP-10-95, SCIPP-95-47},
  slaccitation = {%%CITATION = HEP-PH/9602234;%%}
}

@ARTICLE{Djouadi:1999gv,
  author = {Djouadi, A. and Kilian, W. and Muhlleitner, M. and Zerwas, P.M.},
  title = {{Testing higgs selfcouplings at e+ e- linear colliders}},
  journal = {Eur.Phys.J.},
  year = {1999},
  volume = {C10},
  pages = {27-43},
  archiveprefix = {arXiv},
  bdsk-url-1 = {http://dx.doi.org/10.1007/s100529900082},
  doi = {10.1007/s100529900082},
  eprint = {hep-ph/9903229},
  primaryclass = {hep-ph},
  reportnumber = {DESY-99-001, TTP-99-02, PM-99-01},
  slaccitation = {%%CITATION = HEP-PH/9903229;%%}
}

@PHDTHESIS{ild:bib:benchmark:doublet,
  author = {P. Doublet},
  title = {{Hadrons in a highly granular SiW ECAL - Top quark production at
	the ILC}},
  school = {Laboratoire d'Acc{\'e}l{\'e}rateur Lin{\'e}aire and Universit{\'e}
	Paris Sud - Paris XI},
  year = {2011},
  bdsk-url-1 = {http://tel.archives-ouvertes.fr/tel-00657967},
  date-added = {2012-09-25 22:18:42 +0000},
  date-modified = {2012-09-25 22:18:42 +0000},
  url = {http://tel.archives-ouvertes.fr/tel-00657967}
}

@ARTICLE{ild:bib:benchmark:top-lal,
  author = {P. Doublet and others},
  title = {{Determination of Top-quark Asymmetries at the ILC}},
  archiveprefix = {arxiv},
  date-added = {2012-09-25 22:18:55 +0000},
  date-modified = {2012-09-25 22:18:55 +0000},
  eprint = {1202.6659v1},
  primaryclass = {hep-ex}
}

@ARTICLE{ild:bib:doublet2011,
  author = {P. Doublet and others},
  title = {{Interactions of hadrons in the CALICE SiW ECAL prototype}},
  year = {2011},
  note = {CALICE Analysis Note CAN-025},
  archiveprefix = {arXiv},
  collaboration = {CALICE Collaboration},
  date-added = {2012-09-17 22:09:53 +0000},
  date-modified = {2012-09-17 22:15:31 +0000},
  eprint = {1203.1240v2},
  owner = {poeschl},
  primaryclass = {physics.ins-det},
  timestamp = {2012.09.21}
}

@ARTICLE{ild:bib:muonhalo,
  author = {A.I. Drozhdin and others},
  title = {Suppression of muon backgrounds generated in the ILC beam delivery
	system},
  journal = {SLAC-PUB-12741},
  year = {2007},
  owner = {behnke},
  timestamp = {2013.02.07},
  url = {http://www.slac.stanford.edu/cgi-wrap/getdoc/slac-pub-12741.pdf}
}

@ARTICLE{ild:bib:hardroc,
  author = {Frederic Dulucq and others},
  title = {{HARDROC: Readout chip for CALICE/EUDET Digital Hadronic Calorimeter}},
  journal = {Nuclear Science Symposium Conference Record (NSS/MIC)},
  year = {2010},
  pages = {1678-1683},
  bdsk-url-1 = {http://dx.doi.org/2010%20IEEE},
  date-added = {2012-09-17 14:31:31 +0000},
  date-modified = {2012-09-17 22:27:28 +0000},
  doi = {Nuclear Science Symposium Conference Record (NSS/MIC), 2010 IEEE},
  owner = {poeschl},
  timestamp = {2012.09.21}
}

@ARTICLE{Ellis:1993tq,
  author = {Ellis, Stephen D. and Soper, Davison E.},
  title = {{Successive combination jet algorithm for hadron collisions}},
  journal = {Phys.Rev.},
  year = {1993},
  volume = {D48},
  pages = {3160-3166},
  archiveprefix = {arXiv},
  doi = {10.1103/PhysRevD.48.3160},
  eprint = {hep-ph/9305266},
  primaryclass = {hep-ph},
  reportnumber = {CERN-TH-6860-93},
  slaccitation = {%%CITATION = HEP-PH/9305266;%%}
}

@ARTICLE{ild:bib:Fabbricatore2006,
  author = {Fabbricatore, P. and others},
  title = {{The Manufacture of Modules for CMS Coil}},
  journal = {IEEE Trans.Appl.Superconductivity},
  year = {2006},
  volume = {16},
  pages = {512-516},
  number = {2}
}

@ARTICLE{ild:bib:mfg09,
  author = {M. Faucci-Gianelli},
  title = {{Position and Angular Resolution of the SiW Ecal Prototype}},
  year = {2009},
  note = {CALICE Analysis Note CAN-017},
  collaboration = {CALICE Collaboration}
}

@ARTICLE{ild:bib:fehr2010,
  author = {F. Fehr and others},
  title = {{Tracking with the CALICE Si-W electromagnetic calorimeter prototype
	using the Hough transform}},
  year = {2010},
  note = {CALICE Analysis Note CAN-023a},
  collaboration = {CALICE Collaboration},
  date-added = {2012-09-17 22:16:46 +0000},
  date-modified = {2012-09-17 22:18:47 +0000},
  owner = {poeschl},
  timestamp = {2012.09.21}
}

@ARTICLE{ild:bib:VTXdepfetmech,
  author = {Fischer, P. and Andricek, L. and Herrmann, S. and Karagounis, M.
	and Kohrs, R. and others},
  title = {{Progress towards a large area, thin DEPFET detector module}},
  journal = {Nucl.Instrum.Meth.},
  year = {2007},
  volume = {A582},
  pages = {843-848},
  bdsk-url-1 = {http://dx.doi.org/10.1016/j.nima.2007.07.108},
  doi = {10.1016/j.nima.2007.07.108},
  slaccitation = {%%CITATION = NUIMA,A582,843;%%}
}

@UNPUBLISHED{ild:bib:VTXcps4,
  author = {Y. Fu},
  title = {{A vertically integrated 3D CMOS Monolithic Active Pixel Sensors
	with fast digital readout slides}},
  note = {Presented at the Workshop on Vertically Integrated Pixel Sensors
	(VIPS 2010), Pavia, Italy, 22-24 April 2010.}
}

@article{ild:bib:FPCCD,
  author = {H. Sato},
  title = {{FPCCD Large Prototype Test Status}},
  note = {Presented at the ILC-JP end-of-year physics and detector meeting, 21 December 2018.},
  url = {https://agenda.linearcollider.org/event/8081/contributions/43021/attachments/34121/52525/FPCCD_LargeCCD_test_status_20181221.ppt}
}

@article{ild:bib:FLAME,
  author = {Mirek Firlej},
  title = {{Status of FLAME development}},
  note = {presented at the 35th FCAL
  Collaboration Workshop, 19-20 September 2019},
  url = {https://indico.cern.ch/event/818956/}
}

@article{Abramowicz:2018vwb,
      author         = "Abramowicz, H. and others",
      title          = "{Performance and Molière radius measurements using a
                        compact prototype of LumiCal in an electron test beam}",
      journal        = "Eur. Phys. J.",
      volume         = "C79",
      year           = "2019",
      number         = "7",
      pages          = "579",
      doi            = "10.1140/epjc/s10052-019-7077-9",
      eprint         = "1812.11426",
      archivePrefix  = "arXiv",
      primaryClass   = "physics.ins-det",
      SLACcitation   = "%%CITATION = ARXIV:1812.11426;%%"
}

@ARTICLE{ild:bib:ref:kaltest,
  author = {Fujii, Keisuke},
  title = {{KalTest: A ROOT-based Kalman Filter Package}},
  bdsk-url-1 = {http://www-jlc.kek.jp/subg/offl/kaltest/},
  url = {http://www-jlc.kek.jp/subg/offl/kaltest/}
}

@ARTICLE{ild:bib:timestamping,
  author = {K. Fujii},
  title = {{Time Stamping: CDC/TPC Comparison Studies. (NB: ``CDC'' was the
	central drift chamber for the detector in the early days of JLC/NLC.)}},
  url = {http://www-jlc.kek.jp/jlc/sites/default/files/groups/tpc/talks/T0.CDCvsTPC.pdf}
}

@ARTICLE{ild:bib:ref-keisuke,
  author = {K. Fujii},
  title = {{Positive Ion Effects (LCTPC collaboration meeting presentation).}},
  year = {2012},
  url = {http://ilcagenda.linearcollider.org/getFile.py/access?contribId=3\&sessionId=8\&resId=0\&materialId=slides\&confId=5504}
}

@ARTICLE{ild:bib:TrackPerf:Foward800GeV,
  author = {Fuster, J. and Heinemeyer, S. and Lacasta, C. and Marinas, C. and
	Ruiz Jimeno, Alberto and others},
  title = {{Forward tracking at the next e+ e- collider. Part I. The Physics
	case}},
  journal = {JINST},
  year = {2009},
  volume = {4},
  pages = {P08002},
  archiveprefix = {arXiv},
  bdsk-url-1 = {http://dx.doi.org/10.1088/1748-0221/4/08/P08002},
  doi = {10.1088/1748-0221/4/08/P08002},
  eprint = {0905.2038},
  primaryclass = {hep-ex},
  slaccitation = {%%CITATION = ARXIV:0905.2038;%%}
}

@ARTICLE{ild:bib:Marlin,
  author = {Gaede, F.},
  title = {{Marlin and LCCD: Software tools for the ILC}},
  journal = {Nucl.Instrum.Meth.},
  year = {2006},
  volume = {A559},
  pages = {177-180},
  bdsk-url-1 = {http://dx.doi.org/10.1016/j.nima.2005.11.138},
  doi = {10.1016/j.nima.2005.11.138},
  slaccitation = {%%CITATION = NUIMA,A559,177;%%}
}

@ARTICLE{ild:bib:ref:lcio,
  author = {Gaede, Frank and Behnke, Ties and Graf, Norman and Johnson, Tony},
  title = {{LCIO: A Persistency framework for linear collider simulation studies}},
  journal = {eConf},
  year = {2003},
  volume = {C0303241},
  pages = {TUKT001},
  note = {SLAC-PUB-9992, CHEP-2003-TUKT001},
  archiveprefix = {arXiv},
  eprint = {physics/0306114},
  primaryclass = {physics},
  slaccitation = {%%CITATION = PHYSICS/0306114;%%}
}

@ARTICLE{ild:bib:ATLAS_ROD,
  author = {Gameiro, S. and Crone, G. and Ferrari, R. and Francis, D. and Gorini,
	B. and Gruwe, M. and Joos, M. and Lehmann, G. and Mapelli, L. and
	Misiejuk, A. and others},
  title = {{The ROD crate DAQ software framework of the ATLAS data acquisition
	system}},
  journal = {Nuclear Science, IEEE Transactions on},
  year = {2006},
  volume = {53},
  pages = {907--911},
  number = {3}
}

@ARTICLE{ild:daq:ATLAS_ROD,
  author = {Gameiro, S. and Crone, G. and Ferrari, R. and Francis, D. and Gorini,
	B. and Gruwe, M. and Joos, M. and Lehmann, G. and Mapelli, L. and
	Misiejuk, A. and others},
  title = {The ROD crate DAQ software framework of the ATLAS data acquisition
	system},
  journal = {Nuclear Science, IEEE Transactions on},
  year = {2006},
  volume = {53},
  pages = {907--911},
  number = {3}
}

@ARTICLE{RASNIK,
  author = {Gatignon, Lau},
  title = {{CLIC MDI Overview}},
  year = {2012},
  archiveprefix = {arXiv},
  collaboration = {CLIC MDI Working Group},
  eprint = {1202.6511},
  primaryclass = {physics.acc-ph},
  slaccitation = {%%CITATION = ARXIV:1202.6511;%%}
}

@ARTICLE{frontend,
  author = {Gatti, E. and Manfredi, P.F.},
  title = {{Processing the signals from solid state detectors in elementary
	particle physics}},
  journal = {Riv.Nuovo Cim.},
  year = {1986},
  volume = {9N1},
  pages = {1-146},
  bdsk-url-1 = {http://dx.doi.org/10.1007/BF02822156},
  doi = {10.1007/BF02822156},
  slaccitation = {%%CITATION = RNCIB,9N1,1;%%}
}

@ARTICLE{Gay:2006vs,
  author = {Gay, Arnaud},
  title = {{Measurement of the top-higgs Yukawa coupling at a Linear e+ e- Collider}},
  journal = {Eur.Phys.J.},
  year = {2007},
  volume = {C49},
  pages = {489-497},
  archiveprefix = {arXiv},
  bdsk-url-1 = {http://dx.doi.org/10.1140/epjc/s10052-006-0161-y},
  doi = {10.1140/epjc/s10052-006-0161-y},
  eprint = {hep-ph/0604034},
  primaryclass = {hep-ph},
  reportnumber = {LC-PHSM-2006-002},
  slaccitation = {%%CITATION = HEP-PH/0604034;%%}
}

@ARTICLE{Giannelli:2009fe,
  author = {Giannelli, Michele Faucci},
  title = {{Sensitivity to the higgs Self-coupling Using the ZHH Channel}},
  year = {2009},
  archiveprefix = {arXiv},
  eprint = {0901.4895},
  primaryclass = {hep-ex},
  slaccitation = {%%CITATION = ARXIV:0901.4895;%%}
}

@ARTICLE{Gianotti:2002xx,
  author = {Gianotti, F. and Mangano, M.L. and Virdee, T. and Abdullin, S. and
	Azuelos, G. and others},
  title = {{Physics potential and experimental challenges of the LHC luminosity
	upgrade}},
  journal = {Eur.Phys.J.},
  year = {2005},
  volume = {C39},
  pages = {293-333},
  archiveprefix = {arXiv},
  bdsk-url-1 = {http://dx.doi.org/10.1140/epjc/s2004-02061-6},
  doi = {10.1140/epjc/s2004-02061-6},
  eprint = {hep-ph/0204087},
  primaryclass = {hep-ph},
  reportnumber = {CERN-TH-2002-078},
  slaccitation = {%%CITATION = HEP-PH/0204087;%%}
}

@ARTICLE{ild:bib:ref-mm,
  author = {Giomataris, Y. and Rebourgeard, P. and Robert, J. P. and Charpak,
	Georges},
  title = {{MICROMEGAS: A high-granularity position-sensitive gaseous detector
	for high particle-flux environments}},
  journal = {Nucl.Instrum.Meth.},
  year = {1996},
  volume = {A376},
  pages = {29-35},
  bdsk-url-1 = {http://dx.doi.org/10.1016/0168-9002(96)00175-1},
  doi = {10.1016/0168-9002(96)00175-1},
  slaccitation = {%%CITATION = NUIMA,A376,29;%%}
}

@ARTICLE{ild:bib:ref:glattauer,
  author = {Glattauer, Robin and Fr\"uhwirth, Rudolf and Lettenbichler, Jakob
	and Mitaroff, Winfried},
  title = {{Forward Tracking in the ILD Detector}},
  year = {2012},
  archiveprefix = {arXiv},
  eprint = {1202.2761},
  primaryclass = {physics.data-an},
  reportnumber = {HEPHY-PUB-913-12},
  slaccitation = {%%CITATION = ARXIV:1202.2761;%%}
}

@ARTICLE{ild:bib:Silicon:forward:Gluckstern:1963ng,
  author = {Gluckstern, R.L.},
  title = {{Uncertainties in track momentum and direction, due to multiple scattering
	and measurement errors}},
  journal = {Nucl.Instrum.Meth.},
  year = {1963},
  volume = {24},
  pages = {381-389},
  __markedentry = {[buesserk:6]},
  doi = {10.1016/0029-554X(63)90347-1},
  owner = {buesserk},
  slaccitation = {%%CITATION = NUIMA,24,381;%%},
  timestamp = {2012.09.26}
}

@ARTICLE{ild:bib:goodrick2011development,
  author = {Goodrick, MJ and Hommels, LBA and Shaw, R. and Ward, DR and Bailey,
	DS and Kelly, M. and Boisvert, V. and Green, B. and Green, MG and
	Misiejuk, A. and others},
  title = {{Development of a modular and scalable data acquisition system for
	calorimeters at a linear collider}},
  journal = {JINST},
  year = {2011},
  volume = {6},
  pages = {P10011},
  number = {10}
}

@ARTICLE{Gounaris:1979px,
  author = {Gounaris, G.J. and Schildknecht, D. and Renard, F.M.},
  title = {{Test of higgs boson nature in e+ e -- H H Z}},
  journal = {Phys.Lett.},
  year = {1979},
  volume = {B83},
  pages = {191},
  bdsk-url-1 = {http://dx.doi.org/10.1016/0370-2693(79)90683-X},
  doi = {10.1016/0370-2693(79)90683-X},
  reportnumber = {BI-TP 79/02, PM/79/1},
  slaccitation = {%%CITATION = PHLTA,B83,191;%%}
}

@ARTICLE{ild:bib:ieee2,
  author = {Grah, Christian and Afanaciev, Konstantin and Emeliantchik, Igor
	and Harder, Ulrich and Henschel, Hans and others},
  title = {{Polycrystalline CVD diamonds for the beam calorimeter of the ILC}},
  journal = {IEEE Trans.Nucl.Sci.},
  year = {2009},
  volume = {56},
  pages = {462-467},
  bdsk-url-1 = {http://dx.doi.org/10.1109/TNS.2009.2013853},
  doi = {10.1109/TNS.2009.2013853},
  slaccitation = {%%CITATION = IETNA,56,462;%%}
}

@ARTICLE{ild:bib:grah1,
  author = {Grah, Christian and Sapronov, A.},
  title = {{Beam parameter determination using beamstrahlung photons and incoherent
	pairs}},
  journal = {JINST},
  year = {2008},
  volume = {3},
  pages = {P10004},
  bdsk-url-1 = {http://dx.doi.org/10.1088/1748-0221/3/10/P10004},
  doi = {10.1088/1748-0221/3/10/P10004},
  slaccitation = {%%CITATION = JINST,3,P10004;%%}
}

@ARTICLE{ild:bib:VTXcps3,
  author = {Greiner, L. and Anderssen, E. and Matis, H.S. and Ritter, H.G. and
	Schambach, J. and others},
  title = {{A MAPS based vertex detector for the STAR experiment at RHIC}},
  journal = {Nucl.Instrum.Meth.},
  year = {2011},
  volume = {A650},
  pages = {68-72},
  bdsk-url-1 = {http://dx.doi.org/10.1016/j.nima.2010.12.006},
  doi = {10.1016/j.nima.2010.12.006},
  slaccitation = {%%CITATION = NUIMA,A650,68;%%}
}

@ARTICLE{Grojean:2004xa,
  author = {Grojean, Christophe and Servant, Geraldine and Wells, James D.},
  title = {{First-order electroweak phase transition in the standard model with
	a low cutoff}},
  journal = {Phys.Rev.},
  year = {2005},
  volume = {D71},
  pages = {036001},
  archiveprefix = {arXiv},
  bdsk-url-1 = {http://dx.doi.org/10.1103/PhysRevD.71.036001},
  doi = {10.1103/PhysRevD.71.036001},
  eprint = {hep-ph/0407019},
  primaryclass = {hep-ph},
  reportnumber = {SACLAY-T04-084, MCTP-04-37, ANL-HEP-PR-04-63, EFI-04-23},
  slaccitation = {%%CITATION = HEP-PH/0407019;%%}
}

@INPROCEEDINGS{ild:bib:haas2009eudet,
  author = {Haas, D.},
  title = {{The EUDET pixel telescope data acquisition system}},
  booktitle = {Real Time Conference, 2009. RT'09. 16th IEEE-NPSS},
  year = {2009},
  pages = {366--371},
  organization = {IEEE}
}

@ARTICLE{ild:bib:haas2006pixel,
  author = {Haas, T.},
  title = {{A pixel telescope for detector R\&D for an international linear
	collider}},
  journal = {Nulc.Instrum.Meth.},
  year = {2006},
  volume = {A569},
  pages = {53--56},
  number = {1}
}

@ARTICLE{ild:bib:ref-phdlea,
  author = {Lea Hallermann},
  title = {{Analysis of GEM Properties and Development of a GEM Support Structure
	for the ILD Time Projection Chamber}},
  year = {2010},
  note = {DESY-THESIS-2010-015},
  owner = {buesserk},
  timestamp = {2013.01.15},
  url = {{http://www-library.desy.de/cgi-bin/showprep.pl?desy-thesis-10-015}}
}

@ARTICLE{Ham:2005ej,
  author = {Ham, S.W. and Oh, S.K.},
  title = {{Electroweak phase transition and higgs self-couplings in the two-higgs-doublet
	model}},
  year = {2005},
  archiveprefix = {arXiv},
  eprint = {hep-ph/0502116},
  primaryclass = {hep-ph},
  slaccitation = {%%CITATION = HEP-PH/0502116;%%}
}

@ARTICLE{ild:bib:ref-tpclcnoteelectronics2,
  author = {V. Hedberg and others},
  title = {{Development of the Readout System for a TPC at the Future Linear
	Collider}},
  year = {2012},
  note = {LC-DET-2012-080},
  url = {http://www-flc.desy.de/lcnotes/notes/LC-DET-2012-080.pdf}
}

@ARTICLE{ild:bib:Hocker:2007ht,
  author = {Hoecker, Andreas and Speckmayer, Peter and Stelzer, Joerg and Therhaag,
	Jan and von Toerne, Eckhard and Voss, Helge},
  title = {{TMVA: Toolkit for Multivariate Data Analysis}},
  journal = {PoS},
  year = {2007},
  volume = {ACAT},
  pages = {040},
  archiveprefix = {arXiv},
  eprint = {physics/0703039},
  slaccitation = {%%CITATION = PHYSICS/0703039;%%}
}

@ARTICLE{ild:bib:Hoffmann,
  author = {Hoffmann, K.-H.},
  title = {{Campaign to identify the future MCMS tracker baseline}},
  journal = {Nucl.Instrum},
  year = {2011},
  volume = {A658},
  pages = {30-35},
  note = {and references therein},
  owner = {buesserk},
  timestamp = {2012.09.26}
}

@ARTICLE{ild:bib:VTXcps1,
  author = {Hu-Guo, C. and Baudot, J. and Bertolone, G. and Besson, A. and Brogna,
	A.S. and others},
  title = {{First reticule size MAPS with digital output and integrated zero
	suppression for the EUDET-JRA1 beam telescope}},
  journal = {Nucl.Instrum.Meth.},
  year = {2010},
  volume = {A623},
  pages = {480-482},
  bdsk-url-1 = {http://dx.doi.org/10.1016/j.nima.2010.03.043},
  doi = {10.1016/j.nima.2010.03.043},
  slaccitation = {%%CITATION = NUIMA,A623,480;%%}
}

@ARTICLE{lumi_frontend,
  author = {Idzik, M. and Kulis, Sz. and Przyborowski, D.},
  title = {{Development of front-end electronics for the luminosity detector
	at ILC}},
  journal = {Nucl.Instrum.Meth.},
  year = {2009},
  volume = {A608},
  pages = {169-174},
  bdsk-url-1 = {http://dx.doi.org/10.1016/j.nima.2009.06.059},
  doi = {10.1016/j.nima.2009.06.059},
  slaccitation = {%%CITATION = NUIMA,A608,169;%%}
}

@ARTICLE{ild:bib:lumi_adc,
  author = {M. Idzik and others},
  title = {{A 10-bit multichannel digitizer ASIC for detectors in particle physics
	experiments}},
  journal = {IEEE Trans.Nucl.Sci.},
  year = {2012},
  volume = {59},
  pages = {294-302},
  note = {FCAL.tex ild:bib:lumi-adc},
  owner = {buesserk},
  timestamp = {2012.09.26}
}

@ARTICLE{Ilyin:1995iy,
  author = {Ilyin, V.A. and Pukhov, A.E. and Kurihara, Y. and Shimizu, Y. and
	Kaneko, T.},
  title = {{Probing the H**3 vertex in e+ e-, gamma e and gamma gamma collisions
	for light and intermediate higgs bosons}},
  journal = {Phys.Rev.},
  year = {1996},
  volume = {D54},
  pages = {6717-6727},
  archiveprefix = {arXiv},
  bdsk-url-1 = {http://dx.doi.org/10.1103/PhysRevD.54.6717},
  doi = {10.1103/PhysRevD.54.6717},
  eprint = {hep-ph/9506326},
  primaryclass = {hep-ph},
  reportnumber = {KEK-CP-030, KEK-PREPRINT-95-78, INP-MSU-95-16-380},
  slaccitation = {%%CITATION = HEP-PH/9506326;%%}
}

@ARTICLE{ild:bib:ref-sagagasstudy,
  author = {A. Ishikawa and others},
  title = {{Gas-Property Study at Saga U.}},
  year = {2005},
  owner = {buesserk},
  timestamp = {2013.01.15},
  url = {{http://www-hep.phys.saga-u.ac.jp/ILC-TPC/gas/index.html}}
}

@ARTICLE{ild:bib:BHWIDE,
  author = {Jadach, S. and Placzek, W. and Ward, B.F.L.},
  title = {{BHWIDE 1.00: O(alpha) YFS exponentiated Monte Carlo for Bhabha scattering
	at wide angles for LEP-1 / SLC and LEP-2}},
  journal = {Phys.Lett.},
  year = {1997},
  volume = {B390},
  pages = {298-308},
  archiveprefix = {arXiv},
  doi = {10.1016/S0370-2693(96)01382-2},
  eprint = {hep-ph/9608412},
  primaryclass = {hep-ph},
  reportnumber = {UTHEP-95-1001},
  slaccitation = {%%CITATION = HEP-PH/9608412;%%}
}

@ARTICLE{ild:dbd:FTD:FBG1,
  author = {Alan D. Jersey and others},
  title = {{Fiber Gratings Sensors}},
  journal = {Journal of Lightwave Technology},
  year = {1997},
  volume = {15},
  pages = {22},
  bdsk-url-1 = {http://dx.doi.org/10.1109/50.618377},
  doi = {10.1109/50.618377},
  owner = {vila},
  timestamp = {2012.07.31}
}

@ARTICLE{ild:bib:ref-jochen,
  author = {J. Kaminski},
  title = {{Status of European Pixel Modules (LCTPC collaboration meeting presentation).}},
  year = {2012},
  url = {http://ilcagenda.linearcollider.org/getFile.py/access?contribId=18\&sessionId=9\&resId=0\&materialId=slides\&confId=5504}
}

@ARTICLE{Kanemura:2002vm,
  author = {Kanemura, Shinya and Kiyoura, Shingo and Okada, Yasuhiro and Senaha,
	Eibun and Yuan, C.P.},
  title = {{New physics effect on the higgs selfcoupling}},
  journal = {Phys.Lett.},
  year = {2003},
  volume = {B558},
  pages = {157-164},
  archiveprefix = {arXiv},
  bdsk-url-1 = {http://dx.doi.org/10.1016/S0370-2693(03)00268-5},
  doi = {10.1016/S0370-2693(03)00268-5},
  eprint = {hep-ph/0211308},
  primaryclass = {hep-ph},
  reportnumber = {KEK-TH-856, MSUHEP-21119},
  slaccitation = {%%CITATION = HEP-PH/0211308;%%}
}

@ARTICLE{Kanemura:2004ch,
  author = {Kanemura, Shinya and Okada, Yasuhiro and Senaha, Eibun},
  title = {{Electroweak baryogenesis and quantum corrections to the triple higgs
	boson coupling}},
  journal = {Phys.Lett.},
  year = {2005},
  volume = {B606},
  pages = {361-366},
  archiveprefix = {arXiv},
  bdsk-url-1 = {http://dx.doi.org/10.1016/j.physletb.2004.12.004},
  doi = {10.1016/j.physletb.2004.12.004},
  eprint = {hep-ph/0411354},
  primaryclass = {hep-ph},
  reportnumber = {OU-HET-503, KEK-TH-998},
  slaccitation = {%%CITATION = HEP-PH/0411354;%%}
}

@ARTICLE{Kanemura:2004mg,
  author = {Kanemura, Shinya and Okada, Yasuhiro and Senaha, Eibun and Yuan,
	C.-P.},
  title = {{Higgs coupling constants as a probe of new physics}},
  journal = {Phys.Rev.},
  year = {2004},
  volume = {D70},
  pages = {115002},
  archiveprefix = {arXiv},
  bdsk-url-1 = {http://dx.doi.org/10.1103/PhysRevD.70.115002},
  doi = {10.1103/PhysRevD.70.115002},
  eprint = {hep-ph/0408364},
  primaryclass = {hep-ph},
  slaccitation = {%%CITATION = HEP-PH/0408364;%%}
}

@ARTICLE{ild:bib:ref-dean,
  author = {D. Karlen},
  title = {{LCTPC collaboration meeting presentation}},
  url = {http://ilcagenda.linearcollider.org/getFile.py/access?contribId=0\&sessionId=8\&resId=0\&materialId=slides\&confId=5504}
}

@ARTICLE{ild:bib:Killenberg,
  author = {Killenberg, M.},
  title = {{Time Stamping of TPC Tracks in the CLIC ILD Detector}},
  note = {LCD-Note-2011-03},
  owner = {buesserk},
  timestamp = {2012.09.26}
}

@ARTICLE{ild:bib:Kircher2002,
  author = {Kircher, F. and others},
  title = {{CMS Coil Design and Assembly}},
  journal = {IEEE Trans.Appl.Superconductivity},
  year = {2002},
  volume = {12},
  pages = {395-398},
  number = {1}
}

@ARTICLE{ild:bib:ILD_magnet,
  author = {F. Kircher and U. Schneekloth and others},
  title = {{Conceptual Design of the ILD Detector Magnet System}},
  year = {2012},
  number = {LC-DET-2012-081},
  note = {LC-DET-2012-081}
}

@ARTICLE{ild:bib:ref-ldc,
  author = {D.~Kisielewska and others},
  title = {{Detector Outline Document for the Large Detector Concept}},
  year = {2006},
  bdsk-url-1 = {http://www.ilcldc.org/documents/dod/},
  collaboration = {{LDC Working Group}},
  url = {http://ilcild.org/documents/misc-doc/ldc/outlinedoc/view}
}

@ARTICLE{ild:bib:ref-mptpcpap,
  author = {Kobayashi,M. and others},
  title = {{Cosmic ray tests of a GEM-based TPC prototype operated in Ar-CF4-isobutane
	gas mixtures}},
  journal = {Nucl.Instrum.Meth.},
  year = {2011},
  volume = {A641},
  pages = {37-47},
  archiveprefix = {arXiv},
  eprint = {1008.5068v2}
}

@ARTICLE{ild:bib:ssa,
  author = {K. Kotera},
  title = {{Scintillator ECAL reconstruction}},
  date-added = {2012-11-18 20:48:53 +0000},
  date-modified = {2012-11-18 20:54:56 +0000},
  url = {https://ilcagenda.linearcollider.org/getFile.py/access?contribId=169&sessionId=22&resId=0&materialId=slides&confId=5414},
  urldate = {2012}
}

@ARTICLE{ild:bib:can16,
  author = {Kotera, K. and others},
  title = {{First Stage Analyis of the Energy Response and Resolution of the
	Scintillator ECAL in the Beam Test at FNAL, 2008}},
  note = {CALICE Analysis Note CAN-016},
  collaboration = {CALICE Collaboration},
  owner = {buesserk},
  timestamp = {2013.02.06},
  url = {https://twiki.cern.ch/twiki/pub/CALICE/CaliceAnalysisNotes/CAN-016.pdf}
}

@ARTICLE{Kribs:2007nz,
  author = {Kribs, Graham D. and Plehn, Tilman and Spannowsky, Michael and Tait,
	Timothy M.P.},
  title = {{Four generations and higgs physics}},
  journal = {Phys.Rev.},
  year = {2007},
  volume = {D76},
  pages = {075016},
  archiveprefix = {arXiv},
  bdsk-url-1 = {http://dx.doi.org/10.1103/PhysRevD.76.075016},
  doi = {10.1103/PhysRevD.76.075016},
  eprint = {0706.3718},
  primaryclass = {hep-ph},
  reportnumber = {ANL-HEP-PR-07-39},
  slaccitation = {%%CITATION = ARXIV:0706.3718;%%}
}

@ARTICLE{fcal_readout_board,
  author = {Kulis, S. and Matoga, A. and Idzik, M. and Swientek, K. and Fiutowski,
	T. and others},
  title = {{A general purpose multichannel readout system for radiation detectors}},
  journal = {JINST},
  year = {2012},
  volume = {7},
  pages = {T01004},
  bdsk-url-1 = {http://dx.doi.org/10.1088/1748-0221/7/01/T01004},
  doi = {10.1088/1748-0221/7/01/T01004},
  slaccitation = {%%CITATION = JINST,7,T01004;%%}
}

@ARTICLE{thesis_ekaterina,
  author = {Kuznetsova, Ekaterina},
  title = {{Design studies and sensor tests for the beam calorimeter of the
	ILC detector}},
  year = {2006},
  note = {DESY-THESIS-2007-010},
  bdsk-url-1 = {http://dx.doi.org/10.3204/DESY-THESIS-2007-010},
  doi = {10.3204/DESY-THESIS-2007-010},
  slaccitation = {%%CITATION = DESY-THESIS-2007-010 ETC.;%%}
}

@ARTICLE{ild:bib:Lazhar,
  author = {Lazhar, A.},
  title = {{Conception d'un convertisseur Analogique/Numerique pour un systeme
	de traitement du signal d'un trajectometre Silicium pour Physique
	des Particules}},
  note = {Master Diploma Report, INSA and Ecole Centrale de Lyon.},
  owner = {buesserk},
  timestamp = {2012.09.26}
}

@ARTICLE{ild:bib:Levesy2006,
  author = {Levesy, B. and others},
  title = {{CMS Solenoid Assembly}},
  journal = {IEEE Trans.Appl.Superconductivity},
  year = {2006},
  volume = {16},
  pages = {517-520},
  number = {2}
}

@PHDTHESIS{ild:bib:phd_hengne,
  author = {Li,H.},
  title = {{Higgs Recoil Mass and Cross-Section Analysis at ILC and Calibration
	of the CALICE SiW ECAL Prototype}},
  school = {Universit\'e Paris XI},
  year = {2009},
  bdsk-url-1 = {http://tel.archives-ouvertes.fr/docs/00/43/04/32/PDF/Li.pdf},
  date-added = {2012-09-17 22:33:24 +0000},
  date-modified = {2012-09-17 22:53:15 +0000},
  owner = {poeschl},
  timestamp = {2012.09.21},
  url = {http://tel.archives-ouvertes.fr/docs/00/43/04/32/PDF/Li.pdf}
}

@ARTICLE{ild:bib:Lipton,
  author = {Lipton, R},
  title = {{3D Technology for Intelligent Trackers}},
  journal = {JINST},
  year = {2010},
  volume = {5},
  pages = {C19996},
  note = {and references therein},
  owner = {buesserk},
  timestamp = {2012.09.26}
}

@ARTICLE{ild:bib:can36,
  author = {Lucaci-Timoce, A. and others},
  title = {{Shower development of particles with momenta from 1 to 10 GeV in
	the CALICE Scintillator-Tungsten HCAL}},
  note = {CALICE Analysis Note CAN-036},
  collaboration = {CALICE Collaboration},
  owner = {buesserk},
  timestamp = {2012.11.14},
  url = {https://twiki.cern.ch/twiki/pub/CALICE/CaliceAnalysisNotes/CAN-036.pdf}
}

@ARTICLE{ild:bib:ref-phdlux,
  author = {T.~Lux},
  title = {{Studies for a Time Projection Chamber for the Internationnal Linear
	Collider and Measurement of Beauty Cross Section in Deep Inelastic
	Scattering at HERA}},
  year = {2005},
  note = {PhD Thesis, University of Hamburg, DESY-THESIS-2005-019}
}

@ARTICLE{ild:bib:ref-mktimestamping,
  author = {{M. Killenberg}},
  title = {{Time Stamping of TPC Tracks in the CLIC\_ILD Detector}},
  year = {2012},
  note = {LCD-NOTE-2011-030},
  url = {https://edms.cern.ch/file/1158960/1/tpc\_time\_stamping.pdf}
}

@ARTICLE{Marchesini:2011aka,
  author = {Marchesini, Ivan},
  title = {{Triple gauge couplings and polarization at the ILC and leakage in
	a highly granular calorimeter}},
  year = {2011},
  owner = {buesserk},
  reportnumber = {DESY-THESIS-2011-044},
  slaccitation = {%%CITATION = DESY-THESIS-2011-044 ETC.;%%},
  timestamp = {2013.02.05}
}

@ARTICLE{ild:bib:VTXdepfet:mechmarinas,
  author = {Marinas Pardo, C. M.},
  title = {{DEPFET: A silicon pixel detector for future colliders. Fundamentals,
	characterization and performance}},
  note = {CERN-THESIS-2011-101},
  slaccitation = {%%CITATION = CERN-THESIS-2011-101 ETC.;%%}
}

@ARTICLE{Menges:2001gg,
  author = {Menges, W.},
  title = {{A study of charged current triple gauge couplings at TESLA}},
  year = {2001},
  note = {LC-PHSM-2001-022},
  reportnumber = {LC-PHSM-2001-022},
  slaccitation = {%%CITATION = LC-PHSM-2001-022 ETC.;%%}
}

@ARTICLE{ild:bib:VTXfpccd1,
  author = {Miyamoto, A. and others},
  title = {{FPCCD vertex detector R\&D for ILC}},
  year = {2007},
  note = {Internal Note},
  bdsk-url-1 = {http://www-jlc.kek.jp/subg/vtx/pub/FPCCD_Rev.pdf},
  url = {http://www-jlc.kek.jp/subg/vtx/pub/FPCCD_Rev.pdf}
}

@ARTICLE{Monig:2000bn,
  author = {Moenig, Klaus},
  title = {{The use of positron polarization for precision measurements}},
  year = {2000},
  note = {LC-PHSM-2000-59-TESLA},
  reportnumber = {LC-PHSM-2000-059},
  slaccitation = {%%CITATION = LC-PHSM-2000-059 ETC.;%%}
}

@ARTICLE{MoortgatPick:2005cw,
  author = {Moortgat-Pick, G. and Abe, T. and Alexander, G. and Ananthanarayan,
	B. and Babich, A.A. and others},
  title = {{The Role of polarized positrons and electrons in revealing fundamental
	interactions at the linear collider}},
  journal = {Phys.Rept.},
  year = {2008},
  volume = {460},
  pages = {131-243},
  archiveprefix = {arXiv},
  bdsk-url-1 = {http://dx.doi.org/10.1016/j.physrep.2007.12.003},
  doi = {10.1016/j.physrep.2007.12.003},
  eprint = {hep-ph/0507011},
  primaryclass = {hep-ph},
  reportnumber = {CERN-PH-TH-2005-036, DCPT-04-100, DESY-05-059, FERMILAB-PUB-05-060-T,
	IPPP-04-50, KEK-2005-16, PRL-TH-05-01, SHEP-05-03, SLAC-PUB-11087},
  slaccitation = {%%CITATION = HEP-PH/0507011;%%}
}

@ARTICLE{ild:bib:ref:mokka,
  author = {Mora de Freitas, P. and Videau, H.},
  title = {{Detector simulation with MOKKA / GEANT4: Present and future}},
  year = {2002},
  pages = {623-627},
  note = {LC-TOOL-2003-010},
  slaccitation = {%%CITATION = LC-TOOL-2003-010 ETC.;%%}
}

@ARTICLE{ild:bib:FTD:FEE,
  author = {Moser, Hans-Gunther},
  title = {{Silicon detector systems in high energy physics}},
  journal = {Prog.Part.Nucl.Phys.},
  year = {2009},
  volume = {63},
  pages = {186-237},
  bdsk-url-1 = {http://dx.doi.org/10.1016/j.ppnp.2008.12.002},
  doi = {10.1016/j.ppnp.2008.12.002},
  owner = {vila},
  slaccitation = {%%CITATION = PPNPD,63,186;%%},
  timestamp = {2012.09.27}
}

@ARTICLE{Moser2009,
  author = {Moser, Hans-Gunther},
  title = {{Silicon detector systems in high energy physics}},
  journal = {Prog.Part.Nucl.Phys.},
  year = {2009},
  volume = {63},
  pages = {186-237},
  bdsk-url-1 = {http://dx.doi.org/10.1016/j.ppnp.2008.12.002},
  doi = {10.1016/j.ppnp.2008.12.002},
  slaccitation = {%%CITATION = PPNPD,63,186;%%}
}

@ARTICLE{ild:dbd:FTD:FBG4,
  author = {D. Moya and others},
  title = {{FBG sensor based self-monitoring support structures for trackers}},
  year = {2012},
  note = {LC-REP-2012-075},
  institution = {Inst. of Physics of Cantabria, IFCA (CSIC-UC)},
  owner = {vila},
  timestamp = {2012.09.27},
  url = {http://www-flc.desy.de/lcnotes/notes/LC-REP-2012-075.pdf}
}

@ARTICLE{ild:dbd:FTD:POWER3,
  author = {R.M. Nelms and others},
  title = {{Using a Debye Polarization Cell to Predict Double-Layer Capacitor
	Performance}},
  journal = {IEEE Transactions on Industry Applications},
  year = {2001},
  volume = {37},
  pages = {4-9},
  owner = {vila},
  timestamp = {2012.09.27}
}

@ARTICLE{Noble:2007kk,
  author = {Noble, Andrew and Perelstein, Maxim},
  title = {{Higgs self-coupling as a probe of electroweak phase transition}},
  journal = {Phys.Rev.},
  year = {2008},
  volume = {D78},
  pages = {063518},
  archiveprefix = {arXiv},
  bdsk-url-1 = {http://dx.doi.org/10.1103/PhysRevD.78.063518},
  doi = {10.1103/PhysRevD.78.063518},
  eprint = {0711.3018},
  primaryclass = {hep-ph},
  slaccitation = {%%CITATION = ARXIV:0711.3018;%%}
}

@ARTICLE{ild:bib:VTXplume,
  author = {Nomerotski, A. and others},
  title = {{PLUME collaboration: Ultra-light ladders for linear collider vertex
	detector}},
  journal = {Nucl.Instrum.Meth.},
  year = {2011},
  volume = {A650},
  pages = {208-212},
  bdsk-url-1 = {http://dx.doi.org/10.1016/j.nima.2010.12.083},
  collaboration = {PLUME Collaboration},
  doi = {10.1016/j.nima.2010.12.083},
  slaccitation = {%%CITATION = NUIMA,A650,208;%%}
}

@ARTICLE{ild:bib:Oh:2007zz,
  author = {Oh, Alexander},
  title = {{The CMS DAQ and run control system}},
  journal = {J.Phys.Conf.Ser.},
  year = {2008},
  volume = {110},
  pages = {092020}
}

@ARTICLE{ild:bib:benchmark:vvhanalysis,
  author = {Hiroaki Ono},
  title = {{Higgs branching ratio study for DBD detector benchmarking in ILD}},
  year = {2013},
  note = {LC-REP-2013-005},
  url = {http://www-flc.desy.de/lcnotes/notes/LC-REP-2013-005.pdf}
}

@ARTICLE{ild:bib:OnoMiyamoto,
  author = {Ono, H. and Miyamoto, A.},
  title = {{Evaluation of measurement accuracies of the higgs boson branching
	fractions in the International Linear Collider}},
  year = {2012},
  archiveprefix = {arXiv},
  eprint = {1207.0300},
  primaryclass = {hep-ex}
}

@UNPUBLISHED{ild:bib:Oriunno:2011,
  author = {M. Oriunno},
  title = {{Planning the Push-pull}},
  note = {Presented at ALCPG'11, Eugene, OR, USA},
  year = {2011}
}

@ARTICLE{ild:bib:VTXdepfetmechair,
  author = {Oyanguren, Arantza},
  title = {{Air cooling for Vertex Detectors}},
  year = {2012},
  archiveprefix = {arXiv},
  eprint = {1202.6239},
  primaryclass = {physics.ins-det},
  slaccitation = {%%CITATION = ARXIV:1202.6239;%%}
}

@ARTICLE{ild:bib:Parker:2009zz,
  author = {Parker, B. and Mikhailichenko, A. and Buesser, K. and Hauptman, J.
	and Tauchi, T. and others},
  title = {{Functional Requirements on the Design of the Detectors and the Interaction
	Region of an e+ e- Linear Collider with a Push-Pull Arrangement of
	Detectors}},
  year = {2009},
  note = {{SLAC-PUB-13657, ILC-NOTE-2009-050}},
  slaccitation = {%%CITATION = SLAC-PUB-13657 ETC.;%%}
}

@ARTICLE{ild:bib:Patti,
  author = {Patti, R.},
  title = {{3D IC Overview}},
  note = {Third Annual Electronics Technology Workshop of NEPP, 2011.},
  owner = {buesserk},
  timestamp = {2012.10.17},
  url = {http://nepp.nasa.gov/workshops/etw2012/talks/Tuesday/T01_Patti_Tezzaron_3D_IC_Overview.pdf}
}

@ARTICLE{ild:bib:VTXdepfetdcd,
  author = {Peric, Ivan and Armbruster, Tim and Koch, Manuel and Kreidl, Christian
	and Fischer, Peter},
  title = {{DCD: The multi-channel current-mode ADC chip for the readout of
	DEPFET pixel detectors}},
  journal = {IEEE Trans.Nucl.Sci.},
  year = {2010},
  volume = {57},
  pages = {743-753},
  bdsk-url-1 = {http://dx.doi.org/10.1109/TNS.2010.2040487},
  doi = {10.1109/TNS.2010.2040487},
  slaccitation = {%%CITATION = IETNA,57,743;%%}
}

@ARTICLE{ild:bib:VTXdepfetdcd2,
  author = {Peric, I and others},
  title = {{DCDB and SWITCHERB, the Readout ASICs for Belle II DEPFET Pixel
	Detector}},
  journal = {IEEE Nuclear Science Symposium Conference Record},
  year = {2011},
  volume = {N31-5},
  pages = {1536-1539}
}

@ARTICLE{ild:bib:ref-tpclcnoteendcap,
  author = {Daniel Peterson},
  title = {{Development of a Low-Material TPC Endplate for ILD}},
  year = {2012},
  note = {LC-DET-2012-072},
  url = {http://www-flc.desy.de/lcnotes/notes/LC-DET-2012-072.pdf}
}

@ARTICLE{ild:bib:Pham,
  author = {Pham, T.H. and others},
  journal = {Nucl.Instrum.Meth.},
  year = {2010},
  volume = {A623},
  pages = {498-500},
  owner = {buesserk},
  timestamp = {2012.09.26}
}

@ARTICLE{ild:bib:benchmark:tthanalysis,
  author = {Tony Price and Nigel Watson and Tomohiko Tanabe and Victoria Martin},
  title = {{Measurement of the top Yukawa coupling at $\sqrt{s}$ = 1 TeV using
	the ILD detector}},
  year = {2013},
  note = {LC-REP-2013-004},
  url = {http://www-flc.desy.de/lcnotes/notes/LC-REP-2013-004.pdf}
}

@ARTICLE{ld:bib:benchmark:tthanalysis,
  author = {Tony Price and Nigel Watson and Tomohiko Tanabe and Victoria Martin},
  title = {{Measurement of the top Yukawa coupling at $\sqrt{s}$ = 1 TeV using
	the ILD detector}},
  year = {2013},
  note = {LC-REP-2013-004 },
  url = {http://www-flc.desy.de/lcnotes/notes/LC-REP-2013-004.pdf}
}

@ARTICLE{Quiros:1994dr,
  author = {Quiros, M.},
  title = {{Field theory at finite temperature and phase transitions}},
  journal = {Helv.Phys.Acta},
  year = {1994},
  volume = {67},
  pages = {451-583},
  slaccitation = {%%CITATION = HPACA,67,451;%%}
}

@ARTICLE{ild:bib:spiroc,
  author = {L. Raux and others},
  title = {{SPIROC (SiPM Integrated Read-Out Chip): Dedicated very front-end
	electronics for an ILC prototype hadronic calorimeter with SiPM read-out}},
  journal = {JINST},
  year = {2011},
  volume = {6},
  pages = {C01098},
  date-added = {2012-09-17 16:15:32 +0000},
  date-modified = {2012-09-17 22:28:48 +0000},
  owner = {poeschl},
  timestamp = {2012.09.21}
}

@ARTICLE{ild:bib:RPC,
  author = {Repond,J.},
  title = {{Overview of the DHCAL Project}},
  year = {2010},
  archiveprefix = {arXiv},
  eprint = {1005.0412},
  primaryclass = {physics.ins-det}
}

@ARTICLE{ild:bib:calice1,
  author = {Repond, Jose and others},
  title = {{Design and Electronics Commissioning of the Physics Prototype of
	a Si-W Electromagnetic Calorimeter for the International Linear Collider}},
  journal = {JINST},
  year = {2008},
  volume = {3},
  pages = {P08001},
  archiveprefix = {arXiv},
  bdsk-url-1 = {http://dx.doi.org/10.1088/1748-0221/3/08/P08001},
  collaboration = {CALICE Collaboration},
  doi = {10.1088/1748-0221/3/08/P08001},
  eprint = {0805.4833},
  owner = {poeschl},
  primaryclass = {physics.ins-det},
  slaccitation = {%%CITATION = 0805.4833;%%},
  timestamp = {2012.09.20}
}

@ARTICLE{ild:bib:ATLAStoroid2006,
  author = {Rey, J.M. and others},
  title = {{Cold Mass Integration of the ATLAS Barrel Toroid Magnets at CERN}},
  journal = {IEEE Trans.Appl.Superconductivity},
  year = {2006},
  volume = {16},
  pages = {553-556},
  number = {2}
}

@ARTICLE{ild:bib:benchmark:WWanalysis2,
  author = {Aura Rosca},
  title = {{Measurement of the beam polarisation at the ILC using the WW annihilation
	data}},
  year = {2013},
  note = {LC-REP-2013-009},
  url = {http://www-flc.desy.de/lcnotes/notes/LC-REP-2013-009.pdf}
}

@ARTICLE{ild:bib:rouene,
  author = {Rou\"en\'e, J.},
  title = {{MIP Calibration of the Physics Prototype of the Silicon Tungsten
	Electromagnetic Calorimeter for the International Linear Collider}},
  note = {CALICE Collaboration Meeting Heidelberg 2011},
  bdsk-url-1 = {http://ilcagenda.linearcollider.org/getFile.py/access?contribId=1&sessionId=15&resId=0&materialId=slides&confId=5213},
  date-added = {2012-09-17 22:54:33 +0000},
  date-modified = {2012-09-17 22:59:45 +0000},
  owner = {poeschl},
  timestamp = {2012.09.21},
  url = {http://ilcagenda.linearcollider.org/getFile.py/access?contribId=1&sessionId=15&resId=0&materialId=slides&confId=5213}
}

@ARTICLE{Rubakov:1996vz,
  author = {Rubakov, V.A. and Shaposhnikov, M.E.},
  title = {{Electroweak baryon number nonconservation in the early universe
	and in high-energy collisions}},
  journal = {Usp.Fiz.Nauk},
  year = {1996},
  volume = {166},
  pages = {493-537},
  archiveprefix = {arXiv},
  bdsk-url-1 = {http://dx.doi.org/10.1070/PU1996v039n05ABEH000145},
  doi = {10.1070/PU1996v039n05ABEH000145},
  eprint = {hep-ph/9603208},
  primaryclass = {hep-ph},
  reportnumber = {CERN-TH-96-13, INR-0913-96},
  slaccitation = {%%CITATION = HEP-PH/9603208;%%}
}

@ARTICLE{ild:bib:ref-gem,
  author = {Sauli, F.},
  title = {{GEM: A new concept for electron amplification in gas detectors}},
  journal = {Nucl.Instrum.Meth.},
  year = {1997},
  volume = {A386},
  pages = {531-534},
  bdsk-url-1 = {http://dx.doi.org/10.1016/S0168-9002(96)01172-2},
  doi = {10.1016/S0168-9002(96)01172-2},
  slaccitation = {%%CITATION = NUIMA,A386,531;%%}
}

@ARTICLE{ild:bib:ASN1,
  author = {Savoy-Navarro, A.},
  title = {{Large Area Silicon Tracking: New Perspectives}},
  note = {and references therein},
  eprint = {1203.0736},
  primaryclass = {hep-ex}
}

@ARTICLE{ild:bib:ASN2,
  author = {Savoy-Navarro, A.},
  title = {{SiLC R\&D New Outcomes and Results}},
  note = {IWLC2012},
  owner = {buesserk},
  timestamp = {2012.09.26},
  url = {http://ilcagenda.linearcollider.org/conferenceOtherViews.py?view=standard&confId=4507}
}

@ARTICLE{ild:bib:ref-peterschade,
  author = {P. Schade},
  title = {{Correction Methods for TPC Operation in Inhomogeneous Magnetic Fields}},
  year = {2010},
  note = {LC-DET-2010-001},
  bdsk-url-1 = {http://www-flc.desy.de/lcnotes},
  url = {http://www-flc.desy.de/lcnotes}
}

@ARTICLE{ild:bib:ref-peterschadethesis,
  author = {Peter Schade},
  title = {{Development and Construction of a Large TPC Prototype for the ILC
	and Study of tau Polarisation in tau Decays with the ILD Detector}},
  year = {2009},
  note = {PhD Thesis, University of Hamburg, DESY-THESIS-2009-040},
  bdsk-url-1 = {http://www-library.desy.de/cgi-bin/showprep.pl?desy-thesis-09-040},
  url = {http://www-library.desy.de/cgi-bin/showprep.pl?desy-thesis-09-040}
}

@ARTICLE{ild:bib:guineapig,
  author = {Schulte, Daniel},
  title = {{Study of Electromagnetic and Hadronic Background in the Interaction
	Region of the TESLA Collider}},
  year = {1997},
  note = {TESLA-97-08},
  slaccitation = {%%CITATION = TESLA-97-08 ETC.;%%}
}

@ARTICLE{ild:bib:topws-fs,
  author = {Katja Seidel and Frank Simon and Michal Tesar},
  title = {{Prospects for the Measurement of the Top Mass in a Threshold Scan
	at CLIC and ILC}},
  note = {LCD-Note-2012-013},
  owner = {buesserk},
  timestamp = {2012.09.26},
  url = {http://cds.cern.ch/record/1498599/files/LCD-2012-013.pdf}
}

@ARTICLE{ild:bib:anti-did,
  author = {Seryi, Andrei and Maruyama, Takashi and Parker, Brett},
  title = {{IR Optimization, DID and anti-DID}},
  year = {2006},
  note = {SLAC-PUB-11662},
  reportnumber = {SLAC-PUB-11662},
  slaccitation = {%%CITATION = SLAC-PUB-11662 ETC.;%%}
}

@ARTICLE{ild:bib:schuetz_thesis,
  author = {Schuetz, Anne},
  title = {{Optimizing the design of the Final-Focus region for the International Linear Collider}},
  year = {2018},
  note = {SLAC-PUB-11662},
  reportnumber = {SLAC-PUB-11662},
  slaccitation = {%%CITATION = SLAC-PUB-11662 ETC.;%%}
}

@ARTICLE{ild:bib:ref-lcnotesrs2,
  author = {R. Settles},
  title = {{LCTPC and the Magnetic Field for ILD: Update 2010}},
  year = {2011},
  note = {LC-DET-2011-002},
  url = {http://www-flc.desy.de/lcnotes/notes/LC-DET-2011-002.pdf}
}

@ARTICLE{ild:bib:ref-lcnoteswwrs,
  author = {R. Settles and W. Wiedenmann},
  title = {{The Linear Collider TPC: Revised Magnetic-field Requirements}},
  year = {2008},
  note = {LC-DET-2008-002},
  url = {http://www-flc.desy.de/lcnotes/notes/LC-DET-2008-002.pdf}
}

@ARTICLE{ild:bib:eudet-memo,
  author = {P. Sicho and others},
  title = {{A large scale prototype for a SiW electromagnetic calorimeter for
	a future linear collider - EUDET Module}},
  year = {2010},
  note = {EUDET-Memo-2010-17},
  date-added = {2012-09-17 21:34:31 +0000},
  date-modified = {2012-09-17 22:30:21 +0000},
  owner = {poeschl},
  timestamp = {2012.09.21}
}

@ARTICLE{Simon:2010hf,
  author = {Simon, F. and Soldner, C.},
  title = {{Uniformity Studies of Scintillator Tiles directly coupled to SiPMs
	for Imaging Calorimetry}},
  journal = {Nucl.Instrum.Meth.},
  year = {2010},
  volume = {A620},
  pages = {196-201},
  note = {MPP-2010-10},
  archiveprefix = {arXiv},
  bdsk-url-1 = {http://dx.doi.org/10.1016/j.nima.2010.03.142},
  doi = {10.1016/j.nima.2010.03.142},
  eprint = {1001.4665},
  primaryclass = {physics.ins-det},
  slaccitation = {%%CITATION = ARXIV:1001.4665;%%}
}

@ARTICLE{ild:bib:Sinram:2011,
  author = {Sinram, K. and others},
  title = {{ILD Experimental Hall Design}},
  year = {2011},
  note = {SiD/ILD Engineering and Detector Interface Working Meeting, SLAC,
	2011.},
  owner = {buesserk},
  timestamp = {2012.09.26},
  url = {http://ilcagenda.linearcollider.org/materialDisplay.py?contribId=7&sessionId=3&materialId=slides&confId=5399}
}


@ARTICLE{ild:dbd:FTD:PAMELA,
  author = {Straulino, S. and Adriani, O. and Bonechi, L. and Bongi, M. and Bottai,
	S. and others},
  title = {{Spatial resolution of double-sided silicon microstrip detectors
	for the pamela apparatus}},
  journal = {Nucl.Instrum.Meth.},
  year = {2006},
  volume = {A556},
  pages = {100-114},
  archiveprefix = {arXiv},
  bdsk-url-1 = {http://dx.doi.org/10.1016/j.nima.2005.10.014},
  doi = {10.1016/j.nima.2005.10.014},
  eprint = {hep-ex/0510012},
  owner = {vila},
  primaryclass = {hep-ex},
  slaccitation = {%%CITATION = HEP-EX/0510012;%%},
  timestamp = {2012.09.27}
}

@ARTICLE{Stromhagen:2010,
  author = {Stromhagen, Richard},
  title = {{Note on the integration of the cryostat into the central barrel
	- ILD detector}},
  year = {2010},
  note = {EDMS ID: D*1010065},
  bdsk-url-1 = {http://edmsdirect.desy.de/edmsdirect/file.jsp?edmsid=D00000001010065,A,1,1},
  url = {http://edmsdirect.desy.de/edmsdirect/file.jsp?edmsid=D00000001010065,A,1,1}
}

@ARTICLE{ild:bib:ref:lcfiplus,
  author = {Suehara, Taikan and Tanabe, Tomohiko and Yamashita, Satoru},
  title = {{Improved jet clustering algorithm with vertex information for multi-bottom
	final states}},
  year = {2011},
  archiveprefix = {arXiv},
  eprint = {1110.5785},
  primaryclass = {hep-ex},
  slaccitation = {%%CITATION = ARXIV:1110.5785;%%}
}

@ARTICLE{ild:bib:VTXfpccd0,
  author = {Sugimoto, Yasuhiro},
  title = {{Fine Pixel CCD Option for the ILC Vertex Detector}},
  journal = {eConf},
  year = {2005},
  volume = {C050318},
  pages = {0804},
  note = {LCWS-2005-0804},
  slaccitation = {%%CITATION = ECONF,C050318,0804;%%}
}

@ARTICLE{ild:bib:VTXfpccd2012,
  author = {Sugimoto, Yasuhiro and Ikeda, Hirokazu and Kamai, Daisuke and Kato,
	Eriko and Miyamoto, Akiya and others},
  title = {{R\&D Status of FPCCD Vertex Detector for ILD}},
  year = {2012},
  archiveprefix = {arXiv},
  eprint = {1202.5832},
  primaryclass = {physics.ins-det},
  slaccitation = {%%CITATION = ARXIV:1202.5832;%%}
}

@ARTICLE{ild:bib:VTXfpccd2,
  author = {Sugimoto, Yasuhiro and Ikeda, Hirokazu and Miyamoto, Akiya and Nagamine,
	Tadashi and Takubo, Yousuke and others},
  title = {{R and D status of FPCCD VTX}},
  year = {2009},
  archiveprefix = {arXiv},
  eprint = {0902.2067},
  primaryclass = {physics.ins-det},
  slaccitation = {%%CITATION = ARXIV:0902.2067;%%}
}

@ARTICLE{ild:bib:ref-lpgridgem,
  author = {T.Behnke and others},
  title = {{A Novel Self-supporting GEM-based Amplification Structure for a
	Time Projection Chamber at the ILC}},
  year = {2012},
  archiveprefix = {arXiv},
  eprint = {1211.4382v1},
  owner = {buesserk},
  timestamp = {2013.01.15}
}

@ARTICLE{Takubo:2009rn,
  author = {Takubo, Yosuke},
  title = {{Analysis of ZHH in the 4-jet mode}},
  year = {2009},
  archiveprefix = {arXiv},
  eprint = {0901.3598},
  primaryclass = {hep-ph},
  slaccitation = {%%CITATION = ARXIV:0901.3598;%%}
}

@ARTICLE{Takubo:2009ws,
  author = {Takubo, Yosuke},
  title = {{Analysis of higgs Self-coupling with ZHH at ILC}},
  year = {2009},
  archiveprefix = {arXiv},
  eprint = {0907.0524},
  primaryclass = {hep-ph},
  slaccitation = {%%CITATION = ARXIV:0907.0524;%%}
}

@ARTICLE{ild:bib:benchmark:LCFIPlus,
  author = {Tanabe, Tomohiko and others},
  title = {{LCFIPlus}},
  year = {2012},
  note = {{ILD Workshop, Kyushu, May, 2012}},
  bdsk-url-1 = {http://ilcagenda.linearcollider.org/getFile.py/%20access?contribId=16%20&sessionId=1%20&resId=0%20&materialId=slides%20&confId=5496},
  url = {http://ilcagenda.linearcollider.org/getFile.py/ access?contribId=16 &sessionId=1 &resId=0 &materialId=slides &confId=5496}
}


@ARTICLE{ild:bib:ref-marksteve,
  author = {Mark Thomson and Steve Aplin},
  title = {{TPC Endcap X$_0$ Study (All results in~\cite{ild:bib:ref-lcnote2012})}},
  year = {2010}
}

@ARTICLE{ild:bib:benchmark:higgsselfc,
  author = { Junping Tian },
  title = {{Study of higgs self-coupling at the ILC based on the full detector
	simulation at $\sqrt{s}$ = 500 GeV and $\sqrt{s}$ = 1 TeV}},
  year = {2013},
  note = {LC-REP-2013-003 },
  url = {http://www-flc.desy.de/lcnotes/notes/LC-REP-2013-003.pdf}
}

@ARTICLE{ild:bib:benchmark:HSC:Thesis,
  author = {Tian, Junping},
  title = {{Study of higgs Self-coupling at ILC}},
  year = {2011},
  note = {Ph.D. Thesis (2011.6)}
}

@ARTICLE{ild:bib:benchmark:HSC:Weighting,
  author = {Tian, Junping and Fujii, Keisuke},
  title = {{Update on the higgs self-coupling measurement}},
  year = {2012},
  note = {{The 27th General Physics Meeting of the ILC Physics Subgroup }},
  bdsk-url-1 = {http://ilcphys.kek.jp/meeting/physics/archives/2012-09-08/zhh120908_tianjp.pdf},
  url = {http://ilcphys.kek.jp/meeting/physics/archives/2012-09-08/zhh120908_tianjp.pdf}
}

@ARTICLE{Tian:2010np,
  author = {Tian, Junping and Fujii, Keisuke and Gao, Yuanning},
  title = {{Study of higgs Self-coupling at ILC}},
  year = {2010},
  archiveprefix = {arXiv},
  eprint = {1008.0921},
  primaryclass = {hep-ex},
  slaccitation = {%%CITATION = ARXIV:1008.0921;%%}
}

@ARTICLE{ild:bib:benchmark:HSC:ZHHFullsim,
  author = {Tian, Junping and others},
  title = {{Updates on the higgs self coupling measurement}},
  year = {2012},
  note = {{The 26th General Physics Meeting of the ILC Physics Subgroup }},
  bdsk-url-1 = {http://ilcphys.kek.jp/meeting/physics/archives/2012-06-09/zhh120609_tianjp.pdf},
  url = {http://ilcphys.kek.jp/meeting/physics/archives/2012-06-09/zhh120609_tianjp.pdf}
}

@ARTICLE{ild:bib:VTXcps2,
  author = {Valin, I. and Hu-Guo, C. and Baudot, J. and Bertolone, G. and Besson,
	A. and others},
  title = {{A reticle size CMOS pixel sensor dedicated to the STAR HFT}},
  journal = {JINST},
  year = {2012},
  volume = {7},
  pages = {C01102},
  bdsk-url-1 = {http://dx.doi.org/10.1088/1748-0221/7/01/C01102},
  doi = {10.1088/1748-0221/7/01/C01102},
  slaccitation = {%%CITATION = JINST,7,C01102;%%}
}

@ARTICLE{ild:bib:VTXdepfettb2,
  author = {Velthuis, J.J. and Drasal, Z. and Scheirich, D. and Dolezal, Z. and
	Kodys, P. and others},
  title = {{A DEPFET based beam telescope with submicron precision capability}},
  journal = {IEEE Trans.Nucl.Sci.},
  year = {2008},
  volume = {55},
  pages = {662-666},
  bdsk-url-1 = {http://dx.doi.org/10.1109/TNS.2007.914031},
  doi = {10.1109/TNS.2007.914031},
  slaccitation = {%%CITATION = IETNA,55,662;%%}
}

@ARTICLE{ild:bib:VTXdepfet3,
  author = {Velthuis, J.J. and Kohrs, R. and Mathes, M. and Raspereza, A. and
	Reuen, L. and others},
  title = {{DEPFET, a monolithic active pixel sensor for the ILC}},
  journal = {Nucl.Instrum.Meth.},
  year = {2007},
  volume = {A579},
  pages = {685-689},
  bdsk-url-1 = {http://dx.doi.org/10.1016/j.nima.2007.05.278},
  doi = {10.1016/j.nima.2007.05.278},
  slaccitation = {%%CITATION = NUIMA,A579,685;%%}
}

@ARTICLE{ild:bib:ref-adrianvogelthesis,
  author = {Vogel, Adrian},
  title = {{Beam-induced backgrounds in detectors at the ILC}},
  year = {2008},
  note = {PhD Thesis, University of Hamburg, DESY-THESIS-2008-036},
  bdsk-url-1 = {http://dx.doi.org/10.3204/DESY-THESIS-2008-036},
  doi = {10.3204/DESY-THESIS-2008-036},
  slaccitation = {%%CITATION = DESY-THESIS-2008-036 ETC.;%%}
}

@ARTICLE{ild:bib:VTXdepfet2,
  author = {Vos, M. and Fuster, J. and Lacasta, C. and Marinas, C. and Dieguez,
	A. and others},
  title = {{DEPFET active pixel detectors}},
  journal = {PoS},
  year = {2009},
  volume = {VERTEX2009},
  pages = {015},
  slaccitation = {%%CITATION = POSCI,VERTEX2009,015;%%}
}

@ARTICLE{ild:bib:TDR_machine_parameters,
  author = {Walker, Nicholas},
  title = {{Machine Parameters for the ILC TDR Baseline}},
  note = {EDMS-ID: D*925325},
  timestamp = {2013.01.24},
  url = {http://ilc-edmsdirect.desy.de/ilc-edmsdirect/item.jsp?edmsid=D00000000925325}
}

@ARTICLE{ild:bib:flavourtag,
  author = {R. Walsh and others},
  title = {{Flavour tagging optimisation studies at ILD}},
  year = {2009},
  url = {http://ilcild.org/documents/ild-letter-of-intent/ild-loi-material/flavour_tagging.pdf/view}
}

@ARTICLE{ild:bib:Wing:2006bw,
  author = {Wing, M. and Warren, M. and Dauncey, Paul D. and Butterworth, J.M.},
  title = {{A Proposed DAQ system for a calorimeter at the International Linear
	Collider}},
  year = {2006}
}

@UNPUBLISHED{ild:bib:Yamaoka:2010,
  author = {Yamaoka, H.},
  title = {{ILD Vibration Studies}},
  note = {{Presented at LCWS10 and ILC10, Beijing, China}},
  year = {2010}
}

@ARTICLE{ild:bib:benchmark:HSC:SimvvHH,
  author = {Yamashita, S.},
  title = {{A study of higgs self-coupling measurement at about 1 TeV}},
  year = {2004},
  note = {Presentation for LCWS04},
  bdsk-url-1 = {http://indico.cern.ch/getFile.py/access?contribId=s3t15&sessionId=4&resId=0&materialId=0&confId=a04172},
  url = {http://indico.cern.ch/getFile.py/access?contribId=s3t15&sessionId=4&resId=0&materialId=0&confId=a04172}
}

@BOOK{ref-TESLA_TDR,
  title = {{TESLA: The superconducting electron positron linear collider with
	an integrated X-ray laser laboratory. Technical design report. Pt.
	4: A detector for TESLA}},
  year = {2001},
  editor = {Behnke, T. and Bertolucci, S. and Heuer, R.D. and Settles, R.},
  note = {DESY-01-011, DESY-2001-011, DESY-01-011D, DESY-2001-011D, DESY-TESLA-2001-23,
	DESY-TESLA-FEL-2001-05, ECFA-2001-209},
  slaccitation = {%%CITATION = DESY-01-011 ETC.;%%}
}

@BOOK{ild:bib:RDR_detector,
  title = {{ILC Reference Design Report Volume 4 - Detectors}},
  year = {2007},
  editor = {Behnke, T. and Damerell, C. and Jaros, J. and Miyamoto, A.},
  note = {ILC-REPORT-2007-001},
  archiveprefix = {arXiv},
  collaboration = {ILC Global Design Effort and World Wide Study},
  eprint = {0712.2356},
  primaryclass = {physics.ins-det},
  slaccitation = {%%CITATION = ARXIV:0712.2356;%%}
}

@BOOK{ild:bib:ATLAS-CMP_TDR,
  title = {{ATLAS computing: Technical design report}},
  year = {2005},
  editor = {Duckeck, G. and others},
  note = {CERN-LHCC-2005-022, ATLAS-TRD-017},
  collaboration = {ATLAS Collaboration},
  owner = {buesserk},
  slaccitation = {%%CITATION = CERN-LHCC-2005-022 ETC.;%%},
  timestamp = {2012.09.26}
}

@BOOK{ild:bib:CLICcdr,
  title = {{Physics and Detectors at CLIC: CLIC Conceptual Design Report}},
  year = {2012},
  editor = {Linssen, Lucie and Miyamoto, Akiya and Stanitzki, Marcel and Weerts,
	Harry},
  note = {CERN-2012-003, ANL-HEP-TR-12-01, DESY-12-008, KEK-REPORT-2011-7},
  archiveprefix = {arXiv},
  eprint = {1202.5940},
  owner = {behnke},
  primaryclass = {physics.ins-det},
  slaccitation = {%%CITATION = ARXIV:1202.5940;%%},
  timestamp = {2012.09.24}
}

@BOOK{ild:bib:RDR_machine,
  title = {{ILC Reference Design Report Volume 3 - Accelerator}},
  year = {2007},
  editor = {Phinney, Nan and Toge, Nobukasu and Walker, Nicholas},
  note = {ILC-REPORT-2007-001},
  archiveprefix = {arXiv},
  collaboration = {ILC Global Design Effort and World Wide Study},
  eprint = {0712.2361},
  primaryclass = {physics.acc-ph},
  slaccitation = {%%CITATION = ARXIV:0712.2361;%%}
}

@BOOK{ild:bib:CMS_TRIDAS,
  title = {{CMS: The TriDAS project. Technical design report, Vol. 2: Data acquisition
	and high-level trigger}},
  year = {2002},
  editor = {Sphicas, P.},
  note = {CERN-LHCC},
  owner = {buesserk},
  timestamp = {2012.09.26}
}

@ARTICLE{beam_parameter,
  note = {ILC beam parameters},
  url = {http://www.linearcollider.org/GDE/technical-design-documentation}
}

@ARTICLE{ild:bib:aida,
  title = {Advanced European Infrastructures for Detectors ad Accelerators},
  bdsk-url-1 = {https://espace.cern.ch/aida/default.aspx},
  collaboration = {AIDA},
  url = {http://aida.web.cern.ch}
}

@ARTICLE{ild:bib:ATCA,
  note = {ild-daq.tex ild:bib:ATCA},
  owner = {buesserk},
  timestamp = {2012.09.26}
}

@ARTICLE{ild:bib:bertini,
  note = {FCAL.tec ild:bib:bertini},
  owner = {buesserk},
  timestamp = {2012.09.26}
}

@ARTICLE{ild:bib:eudet,
  title = {{Detector R\&D towards the International Linear Collider}},
  collaboration = {EUDET},
  url = {www.eudet.org}
}

@ARTICLE{ild:bib:lctpc,
  collaboration = {LCTPC Collaboration},
  url = {http://www.lctpc.org}
}

@ARTICLE{ild:bib:Mokka,
  note = {{Mokka webpage}},
  bdsk-url-1 = {http://polzope.in2p3.fr:8081/MOKKA},
  url = {http://polzope.in2p3.fr:8081/MOKKA}
}

@ARTICLE{ild:bib:ref_gear,
  title = {{GEAR - a geometry description toolkit for ILC reconstruction software}},
  bdsk-url-1 = {http://ilcsoft.desy.de/portal/software%5C_packages/gear},
  url = {http://ilcsoft.desy.de/portal/software\_packages/gear}
}

@ARTICLE{ild:bib:ref-lcnotes,
  note = {LC-Notes Repository},
  owner = {buesserk},
  timestamp = {2012.09.26},
  url = {http://www-flc.desy.de/lcnotes/}
}

@ARTICLE{ild:bib:sdalinac,
  note = {S-DALINAC: Superconducting DArmstadt LInear ACcelerator},
  owner = {buesserk},
  timestamp = {2012.09.26},
  url = {http://www.ikp.tu-darmstadt.de/beschleuniger\_1/S-DALINAC.de.jsp}
}

@ARTICLE{ild:bib:tpcfieldcage,
  note = {ild-tpc.tex ild:bib:tpcfieldcage},
  owner = {buesserk},
  timestamp = {2012.09.26}
}

@ARTICLE{ild:bib:VTXdepfetcollaboration,
  bdsk-url-1 = {http://www.depfet.org/},
  collaboration = {DEPFET collaboration},
  url = {http://www.depfet.org/}
}

@ARTICLE{ild:bib:WBS,
  title = {{ILD Work Breakdown Structure}},
  note = {EDMS-ID: D*523907},
  owner = {buesserk},
  timestamp = {2012.09.26},
  url = {http://edmsdirect.desy.de/edmsdirect/item.jsp?edmsid=D00000000523907}
}

@ARTICLE{ild:bib:CAN-016b,
  title = {{Update of the Analysis of the Test Beam Experiment of the CALICE
	ScECAL Physics Prototype}},
  year = {2012},
  note = {{CALICE Analysis Note CAN-016b}},
  collaboration = {CALICE Collaboration},
  owner = {buesserk},
  timestamp = {2013.02.05}
}

@ARTICLE{ild:bib:CAN-037,
  title = {{First results of the CALICE SDHCAL Technological Prototype}},
  year = {2012},
  note = {{CALICE Analysis Note CAN-037}},
  collaboration = {CALICE Collaboration},
  owner = {buesserk},
  timestamp = {2013.02.05}
}

@ARTICLE{ild:bib:ref-desytestbeam2012,
  year = {2012},
  note = {{Testbeam runs 2012}},
  owner = {buesserk},
  timestamp = {2013.01.15},
  url = {{http://www.lctpc.org/e201346/e201361/}}
}

@ARTICLE{ild:bib:ref-lcnotesphilippe,
  title = {{Considerations for an ion gate for LCTPC}},
  year = {2012},
  note = {LC-DET-2012-079},
  collaboration = {LCTPC Japan Collaboration},
  url = {http://www-flc.desy.de/lcnotes/notes/LC-DET-2012-079.pdf}
}

@ARTICLE{ild:dbd:VTXdepfet:whitebook,
  title = {{The PXD Whitebook}},
  year = {2012},
  note = {ild-vxd.tex ild:dbd:VTXdepfet:whitebook},
  owner = {buesserk},
  timestamp = {2012.09.26}
}

@ARTICLE{CAN-022,
  title = {{Identification of Track Segments in Hadronic Showers in the Analog
	Hadron Calorimeter - Algorithm and Comparisons to Simulations}},
  year = {2011},
  note = {{CALICE Analysis Note CAN-022}},
  collaboration = {CALICE Collaboration}
}

@ARTICLE{CAN-026,
  title = {{Pion Showers in the CALICE AHCAL}},
  year = {2011},
  note = {{CALICE Analysis Note CAN-026}},
  collaboration = {CALICE Collaboration}
}

@ARTICLE{CAN-033,
  title = {{First T3B Results - Initial Study of the Time of First Hit in a
	Scintillator-Tungsten HCAL}},
  year = {2011},
  note = {{CALICE Analysis Note CAN-033}},
  collaboration = {CALICE Collaboration}
}

@ARTICLE{ild:bib:ref-lcnote2012,
  title = {{Report to the DESY PRC 2010}},
  year = {2010},
  note = {ILC NOTE 2012-063, LC-DET-2012-067},
  collaboration = {{LCTPC Collaboration}},
  url = {http://www-flc.desy.de/lcnotes/notes/LC-DET-2012-067.pdf}
}

@ARTICLE{ild:bib:ref-star,
  title = {{STAR TPC}},
  year = {2009},
  bdsk-url-1 = {http://www.star.bnl.gov/},
  collaboration = {STAR Collaboration},
  url = {http://www.star.bnl.gov/}
}

@ARTICLE{ild:bib:CMS-CMP_TDR,
  title = {{CMS: The computing project. Technical design report}},
  year = {2005},
  note = {CERN-LHCC-2005-023},
  collaboration = {CMS Collaboration},
  owner = {buesserk},
  slaccitation = {%%CITATION = CERN-LHCC-2005-023 ETC.;%%},
  timestamp = {2012.09.26}
}
@ARTICLE{ild:bib:costing,
	title={{CLIC detector costing}},
	year=2012,
	note={LCD-Note-2012-005},
	collaboration={CLIC},
	bdsk-url-1={https://edms.cern.ch/file/1217078/3/LCD-Note-2012-CLIC_Detector_Costing.docx}
}

@misc{ild:bib:edms,
  title = {{ILC Engineering Data Management System}},
  owner = {buesserk},
  timestamp = {2012.11.20},
  url = {https://ilc-edms.desy.de}
}

@misc{ild:bib:edmsdirect,
	title={{ILD Technical Documentation}},
	url={https://edmsdirect.desy.de/treebrowser/ildtdr/}
}

@ARTICLE{ild:bib:earthquake,
	title={{Standard Reference Earthquake Parameters}},
	 author = {Tauchi, Toshiaki},
	url={https://edmsdirect.desy.de/item/D00000001164345,A,1,1},
	note={ILC-EDMS D*1164345}
}

@misc{ild:bib:hi-net,
	title={{High Sensitivity Seismograph Network Japan}},
	url={http://www.hinet.bosai.go.jp}
}

@ARTICLE{ild:bib:underground_facilities,
	author = {Miyahara, Masanobu},
	title = {{Update on Detector Hall and Assembly Hall Layout}},
	note = {Mini-Workshop on Infrastructure and CFS for Physics and Detectors, KEK, March 2016.},
	url = {http://https://agenda.linearcollider.org/event/6910/}
}
@ARTICLE{ild:bib:surface_facilities,
	author = {Hayano, Hitoshi},
	title = {{Kitakami Site-specific CFS Study Update}}, 
	note = {International Workshop on Future Linear Colliders LCWS2017, Strasbourg, October 2017.},
	url = {https://agenda.linearcollider.org/event/7645/}
}
@ARTICLE{ild:bib:access,
	author = {Miyahara, Masanobu},
	title = {{Update on Detector Hall and Assembly Hall Design}}, 
	note = {Mini-Workshop on Infrastructure and CFS for Physics and Detectors, KEK, September 2015.},
	url = {https://agenda.linearcollider.org/event/6851/}
}

@ARTICLE{ild:bib:services,
	author = {Sugimoto, Yasuhiro},
	title = {{Detector Utility}}, 
	note = {Mini-Workshop on Infrastructure and CFS for Physics and Detectors, KEK, February 2019.},
	url = {https://agenda.linearcollider.org/event/8123/}
}

@ARTICLE{ild:bib:VTX_integration,
	author = {Besson, Auguste},
	title = {{VTX and Intermediate Tracking Status}}, 
	note = {ILD Integration Meeting, DESY, February 2019.},
	url = {https://agenda.linearcollider.org/event/8126/}
}

@ARTICLE{ild:bib:SI_integration,
	author = {Gonnin, Alexandre and Poeschl, Roman},
	title = {{ILD Cabling - what we know today}}, 
	note = {ILD Integration Meeting, DESY, February 2019.},
	url = {https://agenda.linearcollider.org/event/8126/}
}

@ARTICLE{ild:bib:inner_detector_integration,
	author = {Gonnin, Alexandre and Bourgeois, Christian},
	title = {{Integration of the inner detector region}}, 
	note = { EDMS ID: D00000001003815,A,1,1},
	url = {https://edmsdirect.desy.de/item/D00000001003815,A,1,1}
}

@ARTICLE{ild:bib:TPC_ICD,
	author = {Colas, Paul and others},
	title = {{TPC Interface Control Document}}, 
	note = { EDMS ID: D00000001162555,A,1,1},
	url = {https://edmsdirect.desy.de/item/D00000001162555,A,1,1}
}
@ARTICLE{ild:bib:VFS_ICD,
	author = {Schuwalow, Sergej and Benhammou, Yan},
	title = {{VFS Interface Control Document}}, 
	note = { EDMS-ID: D00000001163265,A,1,1 },
	url = {https://edmsdirect.desy.de/item/D00000001163265,A,1,1}
}
@ARTICLE{ild:bib:SiECAL_ICD,
	author = {Poeschl, Roman and Videau, Henri},
	title = {{VFS Interface Control Document}}, 
	note = {  EDMS-ID: D00000001162465,A,1,1  },
	url = {https://edmsdirect.desy.de/item/D00000001162465,A,1,1}
}
@ARTICLE{ild:bib:ScECAL_ICD,
	author = {Takeshita, Tohru},
	title = {{ScECAL Interface Control Document}}, 
	note = {  EDMS-ID: D00000001162515,A,1,1  },
	url = {https://edmsdirect.desy.de/item/D00000001162515,A,1,1}
}
@ARTICLE{ild:bib:Magnet_Note,
	author = {Kircher, Francois and others},
	title = {{Conceptual Design of the ILD Detector Magnet System}}, 
	note = {  LC-DET-2012-081 },
	url = {http://flc.desy.de/lcnotes/notes/localfsExplorer_read?currentPath=/afs/desy.de/group/flc/lcnotes/LC-DET-2012-081.pdf}
}
@ARTICLE{ild:bib:Cryostat_Note,
	author = {Stromhagen, Richard},
	title = {{Note on the integration of Cryostat into the Central Barrel - ILD Detector }}, 
	note = {  EDMS-ID: D00000001162515,A,1,1},
	url = {https://edmsdirect.desy.de/item/D00000001010065,A,1,1}
}


@ARTICLE{ild:bib:Magnet_Simulations,
	author = {Schneekloth, Uwe},
	title = {{ILD Magnet Activities }}, 
	note = { ILD Meeting, Ichinoseki, February 2018.},
	url = {https://agenda.linearcollider.org/event/7760/}
}
@ARTICLE{ild:bib:anti-did-design,
	author = {Makida, Yasuhiro and others},
	title = {{Interim Report from Toshiba/Hitachi Studies on Solenoid and Anti-DID }}, 
	note = { ILD Software and Technical Meeting, Lyon, April 2017.},
	url = {https://agenda.linearcollider.org/event/7520}
}
@ARTICLE{ild:bib:Solenoid_Manufacturing,
	author = {Makida, Yasuhiro and Okamura, Takahiro},
	title = {{Status of Magnet Design Studies }}, 
	note = { ILD Integration Meeting, Hamburg, February 2019.},
	url = {https://agenda.linearcollider.org/event/8126}
}

@ARTICLE{ild:bib:Radiation_Hall,
	author = {Sanami, T. and others},
	title = {{IR Hall Dose Rate Estimates with Detector Concepts }}, 
	note = { SLAC Radiation Physics Note, RP-09-08}
}

@ARTICLE{ild:bib:Seismic_Damping,
	author = {Sanuki, Tomoyuki and others},
	title = {{Seismic Isolation }}, 
	note = { Mini-Workshop on ILC Infrastructure and CFS for Physics and Detectors, KEK, Tsukuba, November 2018.},
	url = {https://agenda.linearcollider.org/event/7976/}
}

@inproceedings{Harrison:2013nva,
      author         = "Harrison, Mike and Ross, Marc and Walker, Nicholas",
      title          = "{Luminosity Upgrades for ILC}",
      booktitle      = "{Proceedings, 2013 Community Summer Study on the Future
                        of U.S. Particle Physics: Snowmass on the Mississippi
                        (CSS2013): Minneapolis, MN, USA, July 29-August 6, 2013}",
      year           = "2013",
      eprint         = "1308.3726",
      archivePrefix  = "arXiv",
      primaryClass   = "physics.acc-ph",
      SLACcitation   = "%%CITATION = ARXIV:1308.3726;%%"
}
@ARTICLE{ild:bib:Newsline_Kitakami,
	author = {Warmbein, Barbara},
	title = {{The Road to Kitakami }}, 
	note = {ILC Newsline, 20. February 2014},
	url = {http://newsline.linearcollider.org/2014/02/20/the-road-to-kitakami/}
}

@ARTICLE{ild:bib:JAHEP,
	author = {JAHEP},
	title = {{A Proposal for a Phased Execution of the International Linear Collider Project }}, 
	url = {http://www.jahep.org/office/doc/201210_ILC_staging_e.pdf}
}

@inproceedings{Parker:2009zz,
      author         = "Parker, Brett and Mikhailichenko, Alexander and Buesser,
                        Karsten and Hauptman, John and Tauchi, Toshiaki and
                        Burrows, Philip and Markiewicz, Thomas and Oriunno, Marco
                        and Seryi, Andrei",
      title          = "{Functional Requirements on the Design of the Detectors
                        and the Interaction Region of an Electron-Positron Linear
                        Collider with a Push-Pull Arrangement of Detectors}",
      booktitle      = "{Particle accelerator. Proceedings, 23rd Conference,
                        PAC'09, Vancouver, Canada, May 4-8, 2009}",
      year           = "2010",
      url            = "http://www-public.slac.stanford.edu/sciDoc/docMeta.aspx?slacPubNumber=slac-pub-13657",
      pages          = "WE6PFP078, ILC-Note-2009-050",
      reportNumber   = "SLAC-PUB-13657",
      SLACcitation   = "%%CITATION = SLAC-PUB-13657;%%"
}

@inproceedings{Levy:2017urt,
      author         = "Levy, Aharon",
      title          = "{The design of the ILD forward region}",
      booktitle      = "{Proceedings, International Workshop on Future Linear
                        Colliders 2016 (LCWS2016): Morioka, Iwate, Japan, December
                        05-09, 2016}",
      collaboration  = "FCAL",
      year           = "2017",
      eprint         = "1701.01923",
      archivePrefix  = "arXiv",
      primaryClass   = "physics.ins-det",
      SLACcitation   = "%%CITATION = ARXIV:1701.01923;%%"
}

@ARTICLE{ild:bib:beam_gas,
	author = {Karl, Robert and List, Jenny},
	title = {{Impact of Beam-Gas Interactions in the IP Region of ILD }},
	note = {ILD-TECH-PUB-2017-001}, 
	url = {https://confluence.desy.de/download/attachments/42357928/ILD-TECH-PUB-2017-001.pdf?version=1&modificationDate=1497399362316&api=v2}
}
@ARTICLE{ild:bib:lstar_cr,
	author = {White, Glen},
	title = {{BASELINE OPTICS TO PROVIDE FOR A SINGLE FFS L* (QD0 EXIT, IP DISTANCE) OPTICS CONFIGURATION}},
	note = {ILC-CR-0002}, 
	url = {https://edmsdirect.desy.de/item/D00000001082495,A,1,1}
}


@article{ild:bib:ilddbd,
      author         = "Abramowicz, Halina and others",
      editor         = "Behnke, Ties and Brau, James E. and Burrows, Philip N.
                        and Fuster, Juan and Peskin, Michael and Stanitzki, Marcel
                        and Sugimoto, Yasuhiro and Yamada, Sakue and Yamamoto,
                        Hitoshi",
      title          = "{The International Linear Collider Technical Design
                        Report - Volume 4: Detectors}",
      year           = "2013",
      eprint         = "1306.6329",
      archivePrefix  = "arXiv",
      primaryClass   = "physics.ins-det",
      reportNumber   = "ILC-REPORT-2013-040, ANL-HEP-TR-13-20,
                        BNL-100603-2013-IR, IRFU-13-59, CERN-ATS-2013-037,
                        COCKCROFT-13-10, CLNS-13-2085, DESY-13-062,
                        FERMILAB-TM-2554, IHEP-AC-ILC-2013-001, INFN-13-04-LNF,
                        JAI-2013-001, JINR-E9-2013-35, JLAB-R-2013-01,
                        KEK-REPORT-2013-1, KNU-CHEP-ILC-2013-1, LLNL-TR-635539,
                        SLAC-R-1004, ILC-HIGRADE-REPORT-2013-003",
      SLACcitation   = "%%CITATION = ARXIV:1306.6329;%%"
}

@Article{ild:bib:tohokuutilitydesign,
  author = {Hayano, Hitoshi},
  title  = {{ILC Utility Design Study for Kitakami-site}},
  year   = {2017},
  note   = {2017 Americas Workshop on Linear Colliders AWLC17},
  url    = {https://agenda.linearcollider.org/event/7507/},
}

@ARTICLE{ild:bib:ejade_mdi,
	author = {Buesser, Karsten and Schoerner-Sadenius, Thomas},
	title = {{MDIPlan, E-JADE Deliverable Report 22}},
	note = {E-Jade.Deliverable.WP3.D22.MDIPlan.v3}, 
	url = {https://www.e-jade.eu/sites/sites_custom/site_e-jade/content/e49893/e65922/e84403/D.22.WP3.MDI.v3.pdf}
}

@ARTICLE{ild:bib:gantry_crane,
	author = {Oriunno, Marco},
	title = {{SiD Underground Assembly}},
	note = {MDI-CFS Meeting on ILC Interaction Region Issues, Ichinoseki, September 2014}, 
	url = {https://agenda.linearcollider.org/event/6404/}
}

@article{ild:bib:TPC_lctpc,
    collaboration = "LCTPC",
    url= "https://www.lctpc.org"
}

@article{ild:bib:CALICE,
    collaboration = "CALICE Collaboration",
    url= "https://twiki.cern.ch/twiki/bin/view/CALICE/WebHome"
}

@article{ild:bib:FCAL,
    collaboration = "FCAL Collaboration",
    url= "http://fcal.desy.de/"
}
@article{ild:bib:TPC_desytb,
    author= "Diener, R and others",
    title = {{The DESY II Test Beam Facility}},
    journal        = "Nucl. Instrum. Meth.",
    volume         = "A922",
    year           = "2019",
    pages           = "265-286"
}


@article{ild:bib:TPC_GEMflatness,
    author = "Paul Malek",
    title = {{Development of a GEM based TPC Readout for ILD}},
    url= "https://arxiv.org/abs/1703.05719"
}

@article{ild:bib:TPC_distortions,
    author = "Paul Colas",
    title = {{A new scheme for Micromegas TPC readout:the encapsulated resistive anode with reverse grounding}},
    journal = "Talk given at the MPGD conference at La Rochelle, May 2019",
    url = "https://indico.cern.ch/event/757322/contributions/3387077/attachments/1840400/3017149/EncapsulatedResAnode.pdf",
    year           = "2019"
}

@article{ild:bib:TPC_quad,
    author= "Ligtenberg, C, and others",
    title = {{Performance of a GridPix detector based on the Timepix3 chip}},
    journal        = "Nucl. Instrum. Meth.",
    volume         = "A908",
    year           = "2018",
    pages           = "18-23"
}

@article{ild:bib:TPC_lycoris,
    author = "Wu, M and others",
    title = {{Development of a large active area beam telescope based on the SiD micro-strip sensor}},
    year = "2019",
    note = {Poster presented at Vienna Conference of Instrumentation 2019},
    url = {http://cds.cern.ch/record/2666439}
}

@article{ild:bib:TPC_gatinginbeam,
    author= "Shoji, Aiko",
    title = {{Measurement of dE/dx resolution of TPC prototype
with gating GEM exposed to an electron beam}},
    journal        = "arXiv:1801.04499v1 [physics.ins-det], 2018",
}

@article{ild:bib:TPC_gatingpaper,
    author= "Kobayashi, Makoto, and others",
    title = {{Measurement of the electron transmission rate of the gating foil for the TPC of the ILC experiment}},
    journal        = "Nucl. Instrum. Meth.",
    volume         = "A918",
    year           = "2019",
    pages           = "41-53"
}

@article{Adloff:2011ha,
      author         = "Adloff, C. and Blaha, J. and Blaising, J. -J. and
                        Drancourt, C. and Espargiliere, A. and Galione, R. and
                        Geffroy, N. and Karyotakis, Y. and Prast, J. and Vouters,
                        G.",
      title          = "{Tests of a particle flow algorithm with CALICE test beam
                        data}",
      collaboration  = "CALICE",
      journal        = "JINST",
      volume         = "6",
      year           = "2011",
      pages          = "P07005",
      doi            = "10.1088/1748-0221/6/07/P07005",
      eprint         = "1105.3417",
      archivePrefix  = "arXiv",
      primaryClass   = "physics.ins-det",
      reportNumber   = "CALICE-PUB-2011-002, CALICE-CAN-2010-007, CALICE Analysis
                        Note CAN-024, CALICE Analysis Note CAN-024a",
      SLACcitation   = "%%CITATION = ARXIV:1105.3417;%%"
}

@article{Adloff:2013vra,
      author         = "Adloff, C. and others",
      title          = "{Track segments in hadronic showers in a highly granular
                        scintillator-steel hadron calorimeter}",
      collaboration  = "CALICE",
      journal        = "JINST",
      volume         = "8",
      year           = "2013",
      pages          = "P09001",
      doi            = "10.1088/1748-0221/8/09/P09001",
      eprint         = "1305.7027",
      archivePrefix  = "arXiv",
      primaryClass   = "physics.ins-det",
      reportNumber   = "MPP-2013-143, CALICE-CAN-2010-002, CALICE Analysis Note
                        CAN-022, AIDA-PUB-2013-023, CALICE-PUB-2013-001",
      SLACcitation   = "%%CITATION = ARXIV:1305.7027;%%"
}

@article{Adloff:2013kio,
      author         = "Adloff, C. and others",
      title          = "{Validation of GEANT4 Monte Carlo Models with a Highly
                        Granular Scintillator-Steel Hadron Calorimeter}",
      collaboration  = "CALICE",
      journal        = "JINST",
      volume         = "8",
      year           = "2013",
      pages          = "07005",
      doi            = "10.1088/1748-0221/8/07/P07005",
      eprint         = "1306.3037",
      archivePrefix  = "arXiv",
      primaryClass   = "physics.ins-det",
      reportNumber   = "CALICE-PUB-2013-002",
      SLACcitation   = "%%CITATION = ARXIV:1306.3037;%%"
}

@article{Adloff:2013jqa,
      author         = "Adloff, C. and others",
      title          = "{Shower development of particles with momenta from 1 to
                        10 GeV in the CALICE Scintillator-Tungsten HCAL}",
      collaboration  = "CALICE",
      journal        = "JINST",
      volume         = "9",
      year           = "2014",
      number         = "01",
      pages          = "P01004",
      doi            = "10.1088/1748-0221/9/01/P01004",
      eprint         = "1311.3505",
      archivePrefix  = "arXiv",
      primaryClass   = "physics.ins-det",
      reportNumber   = "CALICE-CAN-2012-001, CALICE Analysis Note CAN-036,
                        AIDA-PUB-2014-004, CALICE-PUB-2013-003",
      SLACcitation   = "%%CITATION = ARXIV:1311.3505;%%"
}






@article{Adloff:2014rya,
      author         = "Adloff, C. and others",
      title          = "{The Time Structure of Hadronic Showers in highly
                        granular Calorimeters with Tungsten and Steel Absorbers}",
      collaboration  = "CALICE",
      journal        = "JINST",
      volume         = "9",
      year           = "2014",
      pages          = "P07022",
      doi            = "10.1088/1748-0221/9/07/P07022",
      eprint         = "1404.6454",
      archivePrefix  = "arXiv",
      primaryClass   = "physics.ins-det",
      reportNumber   = "MPP-2014-147, CALICE-PUB-2014-001",
      SLACcitation   = "%%CITATION = ARXIV:1404.6454;%%"
}
@article{Bilki:2014bga,
      author         = "Bilki, B. and others",
      title          = "{Pion and proton showers in the CALICE scintillator-steel
                        analogue hadron calorimeter}",
      collaboration  = "CALICE",
      journal        = "JINST",
      volume         = "10",
      year           = "2015",
      number         = "04",
      pages          = "P04014",
      doi            = "10.1088/1748-0221/10/04/P04014",
      eprint         = "1412.2653",
      archivePrefix  = "arXiv",
      primaryClass   = "physics.ins-det",
      reportNumber   = "CALICE-PUB-2014-003, CALICE-CAN-2013-001, CALICE Analysis
                        Note CAN-040, CALICE Analysis Note CAN-040a, CALICE
                        Analysis Note CAN-040b",
      SLACcitation   = "%%CITATION = ARXIV:1412.2653;%%"
}

@article{Lucaci-Timoce:2013tkf,
      author         = "Chefdeville, M. and others",
      title          = "{Shower development of particles with momenta from 15 GeV
                        to 150 GeV in the CALICE scintillator-tungsten hadronic
                        calorimeter}",
      collaboration  = "CALICE",
      journal        = "JINST",
      volume         = "10",
      year           = "2015",
      number         = "12",
      pages          = "P12006",
      doi            = "10.1088/1748-0221/10/12/P12006",
      eprint         = "1509.00617",
      archivePrefix  = "arXiv",
      primaryClass   = "physics.ins-det",
      reportNumber   = "CALICE-PUB-2015-001, LCD-Note-2013-002,
                        AIDA-NOTE-2015-011, CALICE Analysis Note CAN-044,
                        CALICE-CAN-2013-005",
      SLACcitation   = "%%CITATION = ARXIV:1509.00617;%%"
}
@article{Price:2016sce,
      author         = "Eigen, G. and others",
      title          = "{Hadron shower decomposition in the highly granular
                        CALICE analogue hadron calorimeter}",
      collaboration  = "CALICE",
      journal        = "JINST",
      volume         = "11",
      year           = "2016",
      number         = "06",
      pages          = "P06013",
      doi            = "10.1088/1748-0221/11/06/P06013",
      eprint         = "1602.08578",
      archivePrefix  = "arXiv",
      primaryClass   = "physics.ins-det",
      reportNumber   = "CALICE-PUB-2016-002",
      SLACcitation   = "%%CITATION = ARXIV:1602.08578;%%"
}



@article{Repond:2018flg,
      author         = "Repond, J. and others",
      title          = "{Hadronic Energy Resolution of a Combined High
                        Granularity Scintillator Calorimeter System}",
      collaboration  = "CALICE",
      journal        = "JINST",
      volume         = "13",
      year           = "2018",
      number         = "12",
      pages          = "P12022",
      doi            = "10.1088/1748-0221/13/12/P12022",
      eprint         = "1809.03909",
      archivePrefix  = "arXiv",
      primaryClass   = "physics.ins-det",
      reportNumber   = "CALICE-PUB-2018-001",
      SLACcitation   = "%%CITATION = ARXIV:1809.03909;%%"
}


@phdthesis{Hartbrich:2016bbz,
      author         = "Hartbrich, Oskar",
      title          = "{Scintillator Calorimeters for a Future Linear Collider
                        Experiment}",
      school         = "DESY",
      year           = "2016",
      address        = "Hamburg",
      url            = "http://bib-pubdb1.desy.de/search?cc=Publication+Database&of=hd&p=reportnumber:DESY-THESIS-2016-020",
      doi            = "10.3204/PUBDB-2016-02800",
      reportNumber   = "DESY-THESIS-2016-020",
      SLACcitation   = "%%CITATION = DESY-THESIS-2016-020;%%"
}

@article{PELLEGRINI201412,
title = "Technology developments and first measurements of Low Gain Avalanche Detectors (LGAD) for high energy physics applications",
journal = "Nuclear Instruments and Methods A",
volume = "765",
pages = "12 - 16",
year = "2014",
issn = "0168-9002",
url = "http://www.sciencedirect.com/science/article/pii/S0168900214007128",
author = "G. Pellegrini and others",
keywords = "Silicon detectors, Avalanche multiplication, Radiation hardness",
}

@article{Carulla_2016,
	url = {https://doi.org/10.1088%2F1748-0221%2F11%2F12%2Fc12039},
	year = 2016,
	month = {dec},
	publisher = {{IOP} Publishing},
	volume = {11},
	number = {12},
	pages = {C12039--C12039},
	author = {M. Carulla and others},
	title = {Technology developments and first measurements on inverse Low Gain Avalanche Detector ({iLGAD}) for high energy physics applications},
	journal = {Journal of Instrumentation},
}

@article{vila:trento,
  author = "I. Vila and others",
  title = "An in-depth study of {Inverse-LGAD} sensors",
  journal = "Talk given a the 13th {"Trento"} Workshop on Advanced Silicon Radiation Detectors (2018)",
  year = 2018,
  url = "http://indico.cern.ch/event/666427/contributions/2881813/attachments/1603622/2544525/20180219_I-LGAD_IvanVila.pdf",
}

@article{jordi:RD50,
  author = "J. Duarte-Campderros and others",
  title = "Inverse-{LGAD}: Solving the {LGAD} fill factor problem",
  journal = "Talk given at the 31st RD50 Workshop (2017)",
  year = 2017,
  url = "https://indico.cern.ch/event/663851/contributions/2788200/attachments/1562092/2459821/ilgad_rd50_20171121.pdf",
}

@TechReport{Curras2019,
  author        = {Curr{\'a}s, E and Garc{\'\i}a, A and Centis Vignali, M and Gonz{\'a}lez, J and Hidalgo, S and Carulla, M and Merlos, A and Flores, D and Duarte-Campderros, J and Pellegrini, G and others},
  title         = {arXiv: Inverse Low Gain Avalanche Detectors (iLGADs) for precise tracking and timing applications},
  year          = {2019},
  __markedentry = {[vila:6]},
}

@misc{ild:bib:hdmppc,
	title={{Hamamatsu Photonics K.K. MPPC}},
	url={https://www.hamamatsu.com/eu/en/product/optical-sensors/mppc/mppc_mppc-array/index.html}
}

@article{SavelievSiPM,
      author         = "D'Ascenso, N. and Saveliev, V. and Xie, Q.",
      title          = "{CMOS Silicon Photomultiplier Development}",
      journal        = "Springer Series in Optical Sciences",
      volume         = "A823",
      year           = "2018",
      pages          = "120-125",
      doi            = "10.1016/j.nima.2016.03.091",
      eprint         = "1512.06729",
      archivePrefix  = "arXiv",
      primaryClass   = "physics.ins-det",
      reportNumber   = "FERMILAB-PUB-15-582-PPD",
      SLACcitation   = "%%CITATION = ARXIV:1512.06729;%%"
}

@article{Denisov:2015jjl,
      author         = "Denisov, Dmitri and Evdokimov, Valery and Lukic,
                        Strahinja",
      title          = "{Time and Position Resolution of the Scintillator Strips
                        for a Muon System at Future Colliders}",
      journal        = "Nucl. Instrum. Meth.",
      volume         = "A823",
      year           = "2016",
      pages          = "120-125",
      doi            = "10.1016/j.nima.2016.03.091",
      eprint         = "1512.06729",
      archivePrefix  = "arXiv",
      primaryClass   = "physics.ins-det",
      reportNumber   = "FERMILAB-PUB-15-582-PPD",
      SLACcitation   = "%%CITATION = ARXIV:1512.06729;%%"
}

@article{Yokoya:2019rhx,
      author         = "Yokoya, Kaoru and Kubo, Kiyoshi and Okugi, Toshiyuki",
      title          = "{Operation of ILC250 at the Z-pole}",
      year           = "2019",
      eprint         = "1908.08212",
      archivePrefix  = "arXiv",
      primaryClass   = "physics.acc-ph",
      SLACcitation   = "%%CITATION = ARXIV:1908.08212;%%"
}
@article{Behnke:2013lya,
      author         = "Abramowicz, Halina and others",
      editor         = "Behnke, Ties and Brau, James E. and Burrows, Philip N.
                        and Fuster, Juan and Peskin, Michael and Stanitzki, Marcel
                        and Sugimoto, Yasuhiro and Yamada, Sakue and Yamamoto,
                        Hitoshi",
      title          = "{The International Linear Collider Technical Design
                        Report - Volume 4: Detectors}",
      year           = "2013",
      eprint         = "1306.6329",
      archivePrefix  = "arXiv",
      primaryClass   = "physics.ins-det",
      reportNumber   = "ILC-REPORT-2013-040, ANL-HEP-TR-13-20,
                        BNL-100603-2013-IR, IRFU-13-59, CERN-ATS-2013-037,
                        COCKCROFT-13-10, CLNS-13-2085, DESY-13-062,
                        FERMILAB-TM-2554, IHEP-AC-ILC-2013-001, INFN-13-04-LNF,
                        JAI-2013-001, JINR-E9-2013-35, JLAB-R-2013-01,
                        KEK-REPORT-2013-1, KNU-CHEP-ILC-2013-1, LLNL-TR-635539,
                        SLAC-R-1004, ILC-HIGRADE-REPORT-2013-003",
      SLACcitation   = "%%CITATION = ARXIV:1306.6329;%%"
}
@inproceedings{Keller:2019aak,
      author         = "Keller, Lewis and White, Glen",
      title          = "{Simulation of Muon Background at the ILC}",
      booktitle      = "{International Workshop on Future Linear Colliders (LCWS
                        2018) Arlington, Texas, USA, October 22-26, 2018}",
      year           = "2019",
      eprint         = "1901.06449",
      archivePrefix  = "arXiv",
      primaryClass   = "physics.acc-ph",
      reportNumber   = "SLAC-PUB-17363",
      SLACcitation   = "%%CITATION = ARXIV:1901.06449;%%"
}
@article{bib:sid:loi,
      author         = "Aihara, H. and Burrows, P. and Oreglia, M. and Berger, E.
                        L. and Guarino, V. and Repond, J. and Weerts, H. and Xia,
                        L. and Zhang, J. and Zhang, Q. and others ",
      title          = "{SiD Letter of Intent}",
      year           = "2009",
      eprint         = "0911.0006",
      archivePrefix  = "arXiv",
      primaryClass   = "physics.ins-det",
      reportNumber   = "SLAC-R-989, FERMILAB-LOI-2009-01, FERMILAB-PUB-09-681-E",
      SLACcitation   = "%%CITATION = ARXIV:0911.0006;%%"
}
@article{bib:4th:loi,
      author         = "Akchurin, Nural and others",
      title          = "{Another Detector for the International Linear Collider}",
      year           = "2013",
      eprint         = "1307.5495",
      archivePrefix  = "arXiv",
      primaryClass   = "physics.ins-det",
      SLACcitation   = "%%CITATION = ARXIV:1307.5495;%%"
}

@inproceedings{Ref:Decoupling,
      author         = "Haber, Howard E.",
      title          = "{Nonminimal Higgs sectors: The Decoupling limit and its
                        phenomenological implications}",
      booktitle      = "{Joint U.S.-Polish Workshop on Physics from Planck Scale
                        to Electro-Weak Scale (SUSY 94) Warsaw, Poland, September
                        21-24, 1994}",
      year           = "1994",
      pages          = "1-16",
      note           = "[,1(1994)]",
      eprint         = "hep-ph/9501320",
      archivePrefix  = "arXiv",
      primaryClass   = "hep-ph",
      reportNumber   = "SCIPP-94-39",
      SLACcitation   = "%%CITATION = HEP-PH/9501320;%%"
}

@article{Cepeda:2019klc,
      author         = "Cepeda, M. and others",
      title          = "{Higgs Physics at the HL-LHC and HE-LHC}",
      collaboration  = "HL/HE WG2 group",
      year           = "2019",
      eprint         = "1902.00134",
      archivePrefix  = "arXiv",
      primaryClass   = "hep-ph",
      reportNumber   = "CERN-LPCC-2018-04",
      SLACcitation   = "%%CITATION = ARXIV:1902.00134;%%"
}

@article{Yan:2016xyx,
      author         = "Yan, Jacqueline and Watanuki, Shun and Fujii, Keisuke and
                        Ishikawa, Akimasa and Jeans, Daniel and Strube, Jan and
                        Tian, Junping and Yamamoto, Hitoshi",
      title          = "{Measurement of the Higgs boson mass and $e^+e^- \to ZH$
                        cross section using $Z \to \mu^+\mu^-$ and $Z \to e^+ e^-$
                        at the ILC}",
      journal        = "Phys. Rev.",
      volume         = "D94",
      year           = "2016",
      number         = "11",
      pages          = "113002",
      doi            = "10.1103/PhysRevD.94.113002",
      eprint         = "1604.07524",
      archivePrefix  = "arXiv",
      primaryClass   = "hep-ex",
      SLACcitation   = "%%CITATION = ARXIV:1604.07524;%%"
}

@article{ild:bib:FLAME,
  author = {A. Ishikawa},
  title = {{earch for invisible higgs decays at the ILC}},
  note = {presented at the Linear Collider Work- shop, Belgrade, Serbia, October 5-10, 2014},
  url = {http://agenda.linearcollider.org/event/6389/ session/0/contribution/140}
}

% Ref:Hinvisible, A. Ishikawa, “Search for invisible higgs decays at the ilc,” presentation at Linear Collider Work- shop, Belgrade, Serbia, October 5-10, 2014, http://agenda.linearcollider.org/event/6389/ session/0/contribution/140 (2014).
@article{Barklow:2017suo,
      author         = "Barklow, Tim and Fujii, Keisuke and Jung, Sunghoon and
                        Karl, Robert and List, Jenny and Ogawa, Tomohisa and
                        Peskin, Michael E. and Tian, Junping",
      title          = "{Improved Formalism for Precision Higgs Coupling Fits}",
      journal        = "Phys. Rev.",
      volume         = "D97",
      year           = "2018",
      number         = "5",
      pages          = "053003",
      doi            = "10.1103/PhysRevD.97.053003",
      eprint         = "1708.08912",
      archivePrefix  = "arXiv",
      primaryClass   = "hep-ph",
      reportNumber   = "DESY-17-120, KEK-PREPRINT-2017-22, SLAC-PUB-17129",
      SLACcitation   = "%%CITATION = ARXIV:1708.08912;%%"
}

@article{Barklow:2017awn,
      author         = "Barklow, Tim and Fujii, Keisuke and Jung, Sunghoon and
                        Peskin, Michael E. and Tian, Junping",
      title          = "{Model-Independent Determination of the Triple Higgs
                        Coupling at e+e- Colliders}",
      journal        = "Phys. Rev.",
      volume         = "D97",
      year           = "2018",
      number         = "5",
      pages          = "053004",
      doi            = "10.1103/PhysRevD.97.053004",
      eprint         = "1708.09079",
      archivePrefix  = "arXiv",
      primaryClass   = "hep-ph",
      reportNumber   = "KEK-PREPRINT-2017-23, SLAC-PUB-17130",
      SLACcitation   = "%%CITATION = ARXIV:1708.09079;%%"
}


@phdthesis{Karl:2019hes,
      author         = "Karl, Robert",
      title          = "{From the Machine-Detector Interface to Electroweak Precision Measurements at the ILC - Beam-Gas Background, Beam Polarization and Triple Gauge Couplings.},
      school         = "Hamburg U.",
      year           = "2019",
      address        = "Hamburg",
      doi            = "10.3204/PUBDB-2019-03013",
      reportNumber   = "DESY-THESIS-2019-018",
      SLACcitation   = "%%CITATION = DESY-THESIS-2019-018;%%"
}

@article{Habermehl:2017dxh,
      author         = "Habermehl, Moritz and Fujii, Keisuke and List, Jenny and
                        Matsumoto, Shigeki and Tanabe, Tomohiko",
      title          = "{WIMP Searches at the International Linear Collider}",
      booktitle      = "{Proceedings, 38th International Conference on High
                        Energy Physics (ICHEP 2016): Chicago, IL, USA, August
                        3-10, 2016}",
      journal        = "PoS",
      volume         = "ICHEP2016",
      year           = "2016",
      pages          = "155",
      doi            = "10.22323/1.282.0155",
      eprint         = "1702.05377",
      archivePrefix  = "arXiv",
      primaryClass   = "hep-ex",
      SLACcitation   = "%%CITATION = ARXIV:1702.05377;%%"
}

@article{Baer:2016new,
      author         = "Baer, Howard and Berggren, Mikael and Fujii, Keisuke and
                        Lehtinen, Suvi-Leena and List, Jenny and Tanabe, Tomohiko
                        and Yan, Jacqueline",
      title          = "{Naturalness and light higgsinos: A powerful reason to
                        build the ILC}",
      booktitle      = "{Proceedings, 38th International Conference on High
                        Energy Physics (ICHEP 2016): Chicago, IL, USA, August
                        3-10, 2016}",
      journal        = "PoS",
      volume         = "ICHEP2016",
      year           = "2016",
      pages          = "156",
      doi            = "10.22323/1.282.0156",
      eprint         = "1611.02846",
      archivePrefix  = "arXiv",
      primaryClass   = "hep-ph",
      SLACcitation   = "%%CITATION = ARXIV:1611.02846;%%"
}


@article{Horiguchi:2013wra,
      author         = "Horiguchi, Tomohiro and Ishikawa, Akimasa and Suehara,
                        Taikan and Fujii, Keisuke and Sumino, Yukinari and Kiyo,
                        Yuichiro and Yamamoto, Hitoshi",
      title          = "{Study of top quark pair production near threshold at the
                        ILC}",
      year           = "2013",
      eprint         = "1310.0563",
      archivePrefix  = "arXiv",
      primaryClass   = "hep-ex",
      SLACcitation   = "%%CITATION = ARXIV:1310.0563;%%"
}

@article{Vos:2016til,
      author         = "Vos, M. and others",
      title          = "{Top physics at high-energy lepton colliders}",
      year           = "2016",
      eprint         = "1604.08122",
      archivePrefix  = "arXiv",
      primaryClass   = "hep-ex",
      reportNumber   = "DESY-16-038, IFIC-16-12",
      SLACcitation   = "%%CITATION = ARXIV:1604.08122;%%"
}
@article{Amjad:2015mma,
      author         = "Amjad, M. S. and others",
      title          = "{A precise characterisation of the top quark electro-weak
                        vertices at the ILC}",
      journal        = "Eur. Phys. J.",
      volume         = "C75",
      year           = "2015",
      number         = "10",
      pages          = "512",
      doi            = "10.1140/epjc/s10052-015-3746-5",
      eprint         = "1505.06020",
      archivePrefix  = "arXiv",
      primaryClass   = "hep-ex",
      reportNumber   = "IFIC-15-15, LAL-15-111",
      SLACcitation   = "%%CITATION = ARXIV:1505.06020;%%"
}
% Ref:FttZ, M. S. Amjad et al., Eur. Phys. J. C75, 512 (2015), arXiv:1505.06020 [hep-ex].



